=LDR  05354cas a2201225 a 4500
=001  012088576
=003  Uk
=005  20230426110802.0
=006  m\\\\\\\\d\|\\\\\\
=007  cr||||||||||||
=008  020717c19849999enkqr\p\s\\\\\0\\\a0eng\\
=015  \\$aGBA9B4666$2bnb
=022  0\$a1477-089X$202
=037  \\$agh$bOxford University Press
=037  3\$aISSN_02663554$bPortico$nOxford University Press
=040  \\$aUk$beng$cUk
=042  \\$aissnuk$aukblsr
=082  04$a943$222
=130  0\$aGerman history (Online)
=210  0\$aGer. hist.$b(Online)
=222  \0$aGerman history$b(Online)
=245  10$aGerman history$h[electronic resource] :$bthe journal of the German History Society.
=260  \\$a[Norwich] :$bGerman History Society
=260  2\$31997-2004$aLondon :$bArnold
=260  2\$32006-2007$aLondon :$bSage
=260  3\$32008-$aOxford :$bOxford University Press
=310  \\$aQuarterly,$b1999-
=321  \\$aThree issues yearly
=336  \\$atext$2rdacontent
=337  \\$acomputer$2rdamedia
=338  \\$aonline resource$2rdacarrier
=362  0\$aVol. 1, no. 1 (1984)-
=500  \\$aDescription based on print version record.
=500  \\$aTitle from contents screen (Oxford University Press, viewed Nov. 25, 2009).
=530  \\$aAlso issued in print.
=538  \\$aMode of access: World Wide Web.
=540  \\$aCurrent Copyright Fee: GBP32.00$c29\0$5Uk
=550  \\$aPublished on behalf of the German Historical Society.
=588  \\$aLatest issue consulted: volume 31, number 4 (December 2013) (Oxford Journals, viewed January 24, 2014).
=651  \0$aGermany$xHistory$vPeriodicals.
=710  2\$aGerman History Society (Great Britain),$eissuing body.
=776  1\$tGerman history$x0266-3554
=852  41$aBritish Library$bDSC$j4162.113900$3Volume 26:Issue 1(2008)-Volume 29:Issue 4(2011)***See ESTAR for full holdings.
=852  41$aBritish Library$bHMNTS$jELD Digital store$3Volume 32:Issue 1(2014)-***Previous issues available in print copy
=856  \\$31850-9999$uhttp://ukcatalogue.oup.com/$xBLDSS
=856  4\$uhttp://www.sagepub.co.uk/journalsProdDesc.nav?prodId=Journal201811$zLink no longer valid
=856  40$uhttp://gh.oxfordjournals.org/
=859  \\$aXLD$bejournal$cSFX
=859  \\$aELD$bejournal
=945  \\$aGerman history
=959  \\$fCurrently available
=979  \\$aBritish Library$bDSC$j4162.113900
=ACF  \\$aPrevious copyright fee: GBP14.00$c29\0$e18-nov-2008$fGBP14.00$g0$hP$5Uk
=ACF  \\$aCurrent copyright fee: GBP6.00$c0$e13-oct-2008$fGBP6.00$g0$hA$5Uk
=ACF  \\$aCurrent Copyright Fee: GBP14.50$c19\0$e20-oct-2006$fGBP14.50$g0$hP$5Uk
=ACF  \\$aPrevious copyright fee: GBP20.00$c29\0$e24-apr-2009$fGBP20.00$g0$hP$5Uk
=ACF  \\$aPrevious copyright fee: GBP14.00$c29\0$e01-jan-2010$fGBP14.00$g0$hP$5Uk
=ACF  \\$aPrevious copyright fee: GBP20.00$c29\0$e01-jan-2013$fGBP20.00$g0$hP$5Uk
=ACF  \\$aPrevious copyright fee: GBP23.00$c29\0$e01-jan-2015$fGBP23.00$g0$hP$5Uk
=ACF  \\$aPrevious copyright fee: GBP24.00$c29\0$e01-jan-2016$fGBP24.00$g0$hP$5Uk
=ACF  \\$aPrevious copyright fee: GBP26.00$c29\0$e01-jan-2017$fGBP26.00$g0$hP$5Uk
=ACF  \\$aPrevious copyright fee: GBP27.00$c29\0$e01-jan-2018$fGBP27.00$g0$hP$5Uk
=ACF  \\$aPrevious copyright fee: GBP28.00$c29\0$e01-jan-2019$fGBP28.00$g0$hP$5Uk
=ACF  \\$aPrevious Copyright Fee: GBP20.00$c29\0$e01-jan-2020$fGBP20.00$g0$hP$5Uk
=CAT  \\$aCONV$b00$c20040425$lBLL90$h0850
=CAT  \\$aBATCH-UPD$b00$c20141124$lBLL01$h1810
=CAT  \\$aBLDSS-3PM$b00$c20141208$lBLL01$h1624
=CAT  \\$aIPL-CLA$c20141231$lBLL01$h1649
=CAT  \\$aBATCH-UPD$b00$c20151119$lBLL01$h1550
=CAT  \\$aIPL-CLA$c20151231$lBLL01$h1917
=CAT  \\$aBATCH-UPD$b00$c20160524$lBLL01$h2208
=CAT  \\$aBATCH-UPD$b00$c20160525$lBLL01$h0009
=CAT  \\$aBATCH-UPD$b00$c20161122$lBLL01$h1520
=CAT  \\$aIPL-CLA$c20161230$lBLL01$h2053
=CAT  \\$aBATCH-UPD$b00$c20171121$lBLL01$h1703
=CAT  \\$aW1711-1005$c20171206$lBLL01$h1814
=CAT  \\$aIPL-CLA$c20171231$lBLL01$h1607
=CAT  \\$aBATCH-UPD$b00$c20181217$lBLL01$h1651
=CAT  \\$aIPL-CLA$c20181231$lBLL01$h1539
=CAT  \\$aW1910-0530$c20191007$lBLL01$h1114
=CAT  \\$aR1911-1518$c20191206$lBLL01$h1419
=CAT  \\$aIPL-CLA$c20191231$lBLL01$h1910
=CAT  \\$aBATCH-UPD$b00$c20220308$lBLL01$h1734
=CAT  \\$aIPL-CLA$c20220331$lBLL01$h1951
=CAT  \\$a12654$b40$c20230131$lBLL01$h1346
=CAT  \\$aS2302-1302$c20230322$lBLL01$h1708
=CAT  \\$aS2302-1302$c20230323$lBLL01$h1443
=CAT  \\$aIPL-CLA$c20230331$lBLL01$h1546
=CAT  \\$aS2304-0519$c20230412$lBLL01$h1138
=CAT  \\$aBATCH-SUPP$c20230426$lBLL01$h1108
=CFI  0\$aCurrent Copyright Fee: GBP32.00$c29\0$e01-apr-2023$fGBP32.00$g0$hP$5Uk
=CFI  2\$aPrevious copyright fee: GBP22.00$c29\0$e01-apr-2022$fGBP22.00$g0$hP$5Uk
=EST  \\$a1
=FFP  \\$aY$bBLDSS-3PM
=FIN  \\$aY
=FMT  \\$a  SE
=LAS  \\$aBATCH-SUPP$b00$c20230426$lBLL01$h1108
=LEO  \\$aMP22.0000068984
=LET  \0$aGerman history (Electronic)
=LKR  \\$aPAR$b010185420$lBLL01$r776$mGerman history (Online)$nGerman history (Print)
=MNI  \\$a0266-3554
=SRC  \\$aISN01$bbibmp22.200404.2.aa
=TCO  \\$aCLA$bCLA$c008
=TOC  \\$aETOC
=UNO  \\$aY


