=LDR  05333cas a2201213 a 4500
=001  012431938
=003  Uk
=005  20230426110810.0
=006  m\\\\\\\\d\\\\\\\\
=007  cr||||||||||||
=008  040410c19449999enkqr\p\s\\\\\0\\\a0eng\\
=015  \\$aGBA506022$2bnb
=019  c\$a102015100
=022  0\$a1468-2621$l0001-9909$202
=037  \\$aafrafj$bOxford University Press
=037  3\$aISSN_00019909$bPortico$nOxford University Press
=040  \\$aUk$beng$cUk$dUk
=042  \\$aukblsr$aissnuk
=082  04$a960.05$223
=130  0\$aAfrican affairs (Online)
=210  0\$aAfr. aff.$b(Lond.)
=222  \0$aAfrican affairs$b(London. Online)
=245  10$aAfrican affairs$h[electronic resource].
=260  \\$aOxford :$bOxford University Press
=310  \\$aQuarterly
=336  \\$atext$2rdacontent
=337  \\$acomputer$2rdamedia
=338  \\$aonline resource$2rdacarrier
=362  1\$aPrint began with vol. 43, no. 172 (July 1944).
=500  \\$aDescription based on: Vol. 95, no. 378 (Jan. 1996); title from archive pages (OUP, viewed 25th Jan. 2005).
=540  \\$aCurrent Copyright Fee: GBP42.00$c29\0$5Uk
=550  \\$aJournal of the Royal African Society.
=580  \\$aIncludes issues of ealier titles: Journal of the African Society (1901-1935), and: Journal of the Royal African Society (1935-1944).
=588  \\$aLatest issue consulted: volume 112, number 449 (October 2013) (Oxford Journals, viewed January 15, 2014).
=595  \\$aFORMERLY 4850.1 UP TO VOL. 42, 1943.
=651  \0$aAfrica$vPeriodicals.
=710  2\$aRoyal African Society,$eissuing body.
=776  08$iAlso issued in print as:$tAfrican affairs$x0001-9909
=780  10$tJournal of the Royal African Society
=852  41$aBritish Library$bHMNTS$jELD Digital store$3Volume 113:Issue 450(2014)-***Previous issues available in print copy
=852  41$aBritish Library$bDSC$j0732.300000$32000 PART 394-Volume 119:Issue 474(2020)***See ESTAR for full holdings.
=856  \\$31850-9999$uhttp://ukcatalogue.oup.com/$xBLDSS
=856  40$ahttp://afraf.oxfordjournals.org/
=859  \\$aELD$bejournal
=859  \\$aXLD$bejournal$cSFX
=945  \\$aAfrican affairs -London- Royal African Society-.
=959  \\$fCurrently available
=979  \\$aBritish Library$bDSC$j0732.300000
=A02  \\$a102015100
=ACF  \\$aPrevious copyright fee: GBP12.00$c29\0$e01-jan-2004$fGBP12.00$g0$hP$5Uk
=ACF  \\$aCurrent copyright fee: GBP8.00$c29\0$e01-apr-2002$fGBP8.00$g0$hP$5Uk
=ACF  \\$aCurrent copyright fee: GBP7.00$c0$e01-apr-1997$fGBP7.00$g0$hC$5Uk
=ACF  \\$aPrevious Copyright Fee: GBP13.00$c29\0$e01-jan-2006$fGBP13.00$g0$hP$5Uk
=ACF  \\$aPrevious copyright fee: GBP14.00$c29\0$e01-jan-2008$fGBP14.00$g0$hP$5Uk
=ACF  \\$aPrevious copyright fee: GBP20.00$c29\0$e01-jan-2013$fGBP20.00$g0$hP$5Uk
=ACF  \\$aPrevious copyright fee: GBP23.00$c29\0$e01-jan-2015$fGBP23.00$g0$hP$5Uk
=ACF  \\$aPrevious copyright fee: GBP24.00$c29\0$e01-jan-2016$fGBP24.00$g0$hP$5Uk
=ACF  \\$aPrevious copyright fee: GBP26.00$c29\0$e01-jan-2017$fGBP26.00$g0$hP$5Uk
=ACF  \\$aPrevious copyright fee: GBP27.00$c29\0$e01-jan-2018$fGBP27.00$g0$hP$5Uk
=ACF  \\$aPrevious copyright fee: GBP28.00$c29\0$e01-jan-2019$fGBP28.00$g0$hP$5Uk
=ACF  \\$aPrevious Copyright Fee: GBP29.00$c29\0$e01-jan-2020$fGBP29.00$g0$hP$5Uk
=CAT  \\$aCONV$b00$c20040425$lBLL90$h0712
=CAT  \\$aBATCH-UPD$b00$c20151119$lBLL01$h1551
=CAT  \\$aIPL-CLA$c20151231$lBLL01$h1918
=CAT  \\$aBATCH-UPD$b00$c20160524$lBLL01$h2209
=CAT  \\$aBATCH-UPD$b00$c20160525$lBLL01$h0011
=CAT  \\$aBATCH-UPD$b00$c20161122$lBLL01$h1520
=CAT  \\$aIPL-CLA$c20161230$lBLL01$h2113
=CAT  \\$aBATCH-UPD$b00$c20171121$lBLL01$h1703
=CAT  \\$aW1711-1005$c20171206$lBLL01$h1815
=CAT  \\$aIPL-CLA$c20171231$lBLL01$h1622
=CAT  \\$aBATCH-UPD$b00$c20181217$lBLL01$h1651
=CAT  \\$aIPL-CLA$c20181231$lBLL01$h1539
=CAT  \\$aW1910-0530$c20191007$lBLL01$h1114
=CAT  \\$aR1911-1518$c20191206$lBLL01$h1406
=CAT  \\$aIPL-CLA$c20191231$lBLL01$h1922
=CAT  \\$a12654$b40$c20210426$lBLL01$h0731
=CAT  \\$a5410$b40$c20210812$lBLL01$h1103
=CAT  \\$aBATCH-UPD$b40$c20220308$lBLL01$h1727
=CAT  \\$aIPL-CLA$c20220331$lBLL01$h1951
=CAT  \\$a12654$b40$c20221219$lBLL01$h1207
=CAT  \\$aS2302-1302$c20230322$lBLL01$h1707
=CAT  \\$aS2302-1302$c20230322$lBLL01$h1708
=CAT  \\$aS2302-1302$c20230323$lBLL01$h1443
=CAT  \\$aIPL-CLA$c20230331$lBLL01$h1546
=CAT  \\$aS2304-0519$c20230412$lBLL01$h1139
=CAT  \\$aBATCH-SUPP$c20230426$lBLL01$h1108
=CFI  0\$aCurrent Copyright Fee: GBP42.00$c29\0$e01-apr-2023$fGBP42.00$g0$hP$5Uk
=CFI  2\$aPrevious copyright fee: GBP32.00$c29\0$e01-apr-2022$fGBP32.00$g0$hP$5Uk
=EST  \\$a1
=FFP  \\$aY$bBLDSS-3PM
=FIN  \\$aY
=FMT  \\$a  SE
=LAS  \\$aBATCH-SUPP$b00$c20230426$lBLL01$h1108
=LEO  \\$aMP10.0000629208
=LEO  \\$aMP22.0000062448
=LKR  \\$aPAR$b009189435$lBLL01$r776$mAfrican affairs (Online)$nAfrican affairs (Print)
=MNI  \\$a0001-9909
=SID  \\$aZ39$bLOC
=SRC  \\$aDSS01$bbibmp10.200404.2.aa
=SRC  \\$aISN01$bbibmp22.200404.2.aa
=TCO  \\$aCLA$bCLA$c008
=TOC  \\$aETOC
=UNO  \\$aY

