=LDR  05353cas a22012017a 4500
=001  012431942
=003  Uk
=005  20230426110811.0
=007  cr\|||||||||||
=008  040410c19729999enkbr\p\s\\\\\0\\\a0eng\\
=015  \\$aGBB406970$2bnb
=019  c\$a102015290
=022  0\$a1468-2834$y0002-0729$l0002-0729$202
=037  \\$aageing$bOxford University Press
=037  3\$aISSN_00020729$bPortico$nOxford University Press
=040  \\$aUk$cUk$dUk
=042  \\$aissnuk$aukblsr
=082  04$a618.97$223
=130  0\$aAge and ageing (Online)
=222  \0$aAge and ageing$b(Online)
=245  10$aAge and ageing$h[electronic resource] :$bthe journal of the British Geriatrics Society.
=260  \\$aLondon :$bBaillière Tindall,$c1972-
=264  31$aOxford :$bOxford University Press
=310  \\$aBimonthly,$b1984-
=321  \\$aQuarterly,$b1972-1983
=336  \\$atext$2rdacontent
=337  \\$acomputer$2rdamedia
=338  \\$aonline resource$2rdacarrier
=362  1\$aPrint began with: Vol. 1, no. 1 (Feb. 1972).
=540  \\$aCurrent Copyright Fee: GBP42.00$c29\0$5Uk
=550  \\$aOfficial journal of the British Geriatrics Society and the British Society for Research on Ageing, 1972- ; journal of the British Geriatrics Society, <2013- >.
=588  \\$aDescription based on print version record.
=588  \\$aLatest issue consulted: volume 43, number 1 (Oxford Journals, viewed January 15, 2014).
=650  \0$aAging$vPeriodicals.
=650  \0$aGeriatrics$vPeriodicals.
=710  2\$aBritish Society for Research on Ageing.
=710  2\$aBritish Geriatrics Society,$eissuing body.
=776  08$iAlso issued in print as:$tAge and ageing$x0002-0729
=852  41$aBritish Library$bHMNTS$jELD Digital store$3Volume 43:Number 1(2014)-***Previous issues available in print copy
=852  41$aBritish Library$bDSC$j0736.080000$3jan-2000 VOL 29 PART 1-Volume 51:Issue 1(2022)***See ESTAR for full holdings.
=856  \\$31850-9999$uhttp://ukcatalogue.oup.com/$xBLDSS
=856  40$uhttp://ageing.oxfordjournals.org
=859  \\$aELD$bejournal
=859  \\$aXLD$bejournal$cSFX
=945  \\$aAGE AND AGEING
=959  \\$fCurrently available
=963  \\$aCA/M-7 1972- *A=1$bN
=979  \\$aBritish Library$bDSC$j0736.080000
=985  \\$aCONFERENCE ANALYTIC RECORDS EXIST
=A02  \\$a102015290
=ACF  \\$aPrevious copyright fee: GBP15.00$c29\0$e01-jan-2004$fGBP15.00$g0$hP$5Uk
=ACF  \\$aCurrent copyright fee: GBP10.00$c29\0$e01-apr-2002$fGBP10.00$g0$hP$5Uk
=ACF  \\$aCurrent copyright fee: GBP13.00$c0$e01-jul-2001$fGBP13.00$g0$hC$5Uk
=ACF  \\$aPrevious copyright fee: GBP16.00$c29\0$e01-jan-2006$fGBP16.00$g0$hP$5Uk
=ACF  \\$aPrevious copyright fee: GBP18.00$c29\0$e15-nov-2011$fGBP18.00$g0$hP$5Uk
=ACF  \\$aPrevious copyright fee: GBP18.00$c29\0$e01-jan-2008$fGBP18.00$g0$hP$5Uk
=ACF  \\$aPrevious copyright fee: GBP20.00$c29\0$e01-jan-2013$fGBP20.00$g0$hP$5Uk
=ACF  \\$aPrevious copyright fee: GBP23.00$c29\0$e01-jan-2015$fGBP23.00$g0$hP$5Uk
=ACF  \\$aPrevious copyright fee: GBP24.00$c29\0$e01-jan-2016$fGBP24.00$g0$hP$5Uk
=ACF  \\$aPrevious copyright fee: GBP26.00$c29\0$e01-jan-2017$fGBP26.00$g0$hP$5Uk
=ACF  \\$aPrevious copyright fee: GBP27.00$c29\0$e01-jan-2018$fGBP27.00$g0$hP$5Uk
=ACF  \\$aPrevious copyright fee: GBP28.00$c29\0$e01-jan-2019$fGBP28.00$g0$hP$5Uk
=ACF  \\$aPrevious Copyright Fee: GBP29.00$c29\0$e01-jan-2020$fGBP29.00$g0$hP$5Uk
=CAT  \\$aCONV$b00$c20040425$lBLL90$h0712
=CAT  \\$aBLDSS-3PM$b00$c20141208$lBLL01$h1624
=CAT  \\$aIPL-CLA$c20141231$lBLL01$h1650
=CAT  \\$aBATCH-UPD$b00$c20151119$lBLL01$h1551
=CAT  \\$aIPL-CLA$c20151231$lBLL01$h1918
=CAT  \\$aBATCH-UPD$b00$c20160524$lBLL01$h2209
=CAT  \\$aBATCH-UPD$b00$c20160525$lBLL01$h0011
=CAT  \\$aBATCH-UPD$b00$c20161122$lBLL01$h1520
=CAT  \\$aIPL-CLA$c20161230$lBLL01$h2113
=CAT  \\$aBATCH-UPD$b00$c20171121$lBLL01$h1703
=CAT  \\$aW1711-1005$c20171206$lBLL01$h1815
=CAT  \\$aIPL-CLA$c20171231$lBLL01$h1622
=CAT  \\$aBATCH-UPD$b00$c20181217$lBLL01$h1651
=CAT  \\$aIPL-CLA$c20181231$lBLL01$h1539
=CAT  \\$aW1910-0530$c20191007$lBLL01$h1114
=CAT  \\$aR1911-1518$c20191206$lBLL01$h1406
=CAT  \\$aIPL-CLA$c20191231$lBLL01$h1922
=CAT  \\$aBATCH-UPD$b00$c20220308$lBLL01$h1727
=CAT  \\$aIPL-CLA$c20220331$lBLL01$h1951
=CAT  \\$a8055$b40$c20221018$lBLL01$h1410
=CAT  \\$aS2302-1302$c20230322$lBLL01$h1707
=CAT  \\$aS2302-1302$c20230322$lBLL01$h1708
=CAT  \\$aS2302-1302$c20230323$lBLL01$h1443
=CAT  \\$aIPL-CLA$c20230331$lBLL01$h1546
=CAT  \\$aS2304-0519$c20230412$lBLL01$h1139
=CAT  \\$aBATCH-SUPP$c20230426$lBLL01$h1108
=CFI  0\$aCurrent Copyright Fee: GBP42.00$c29\0$e01-apr-2023$fGBP42.00$g0$hP$5Uk
=CFI  2\$aPrevious copyright fee: GBP32.00$c29\0$e01-apr-2022$fGBP32.00$g0$hP$5Uk
=EST  \\$a1
=FFP  \\$aY$bBLDSS-3PM
=FIN  \\$aY$b20221018
=FMT  \\$a  SE
=LAS  \\$aBATCH-SUPP$b00$c20230426$lBLL01$h1108
=LEO  \\$aMP10.0000629212
=LKR  \\$aPAR$b008901258$lBLL01$nAge and ageing (Print)$mAge and ageing (Online)$r776
=MNI  \\$a0002-0729
=SRC  \\$aDSS01$bbibmp10.200404.2.aa
=TCO  \\$aCLA$bCLA$c008
=TOC  \\$aETOC
=UNO  \\$aY

