=LDR  05486cas a2201213 a 4500
=001  012431960
=003  Uk
=005  20230426110811.0
=006  m\\\\\|\\d\|\\\\\\
=007  cr\|||||||||||
=008  040410c19999999enkbr\p\s\\\\\0\\\a0eng\\
=015  \\$aGBB406993$2bnb
=019  c\$a102226093
=022  0\$a1464-3502$l0735-0414$202
=037  \\$aalcalc$bOxford University Press
=037  3\$aISSN_07350414$bPortico$nOxford University Press
=040  \\$aUk$beng$cUk
=042  \\$aissnuk$aukblsr
=082  04$a616.861005$223
=130  0\$aAlcohol and alcoholism (Oxford, England : Online)
=222  \0$aAlcohol and alcoholism$b(Oxford. Online)
=245  10$aAlcohol and alcoholism$h[electronic resource].
=260  \\$aOxford :$bPergamon,$c1983-
=264  31$aOxford :$bOxford University Press
=310  \\$aBimonthly
=336  \\$atext$2rdacontent
=337  \\$acomputer$2rdamedia
=338  \\$aonline resource$2rdacarrier
=362  1\$aPrint began with: Vol. 18, no. 1 (1983).
=540  \\$aCurrent Copyright Fee: GBP42.00$c29\0$5Uk
=550  \\$aPublished on behalf of the Medical Council on Alcoholism, and the European Society for Biomedical Research on Alcoholism.
=588  \\$aDescription based on print version record.
=588  \\$aLatest issue consulted: volume 49, number 1 (January/February 2014) (Oxford Journals, viewed January 15, 2014).
=595  \\$aFORMERLY 2303.895 UP TO VOL. 17, 1982.
=650  \0$aAlcoholism$vPeriodicals.
=710  2\$aMedical Council on Alcoholism,$eissuing body.
=710  2\$aEuropean Society for Biomedical Research on Alcoholism,$eissuing body.
=776  08$iAlso issued in print as:$tAlcohol and alcoholism$x0735-0414
=852  41$aBritish Library$bHMNTS$jELD Digital store$3Volume 48:Number 1(2013:Jan./Feb.)-***Previous issues available in print copy
=852  41$aBritish Library$bDSC$j0786.754800$3feb-2000 VOL 35 PART 1-Volume 46:Issue 6(2011)***See ESTAR for full holdings.
=856  \\$31850-9999$uhttp://ukcatalogue.oup.com/$xBLDSS
=856  40$uhttp://alcalc.oxfordjournals.org/
=859  \\$aELD$bejournal
=859  \\$aXLD$bejournal$cSFX
=945  \\$aALCOHOL AND ALCOHOLISM -LONDON- PERGAMON PRESS THEN OXFORD UNIVERSITY PRESS-.
=959  \\$fCurrently available
=963  \\$aVOL. 18, 1983- *A=1$bN$cL235.B.98
=979  \\$aBritish Library$bDSC$j0786.754800
=985  \\$aCorrected by BSS-generated file for WR# 08/157
=985  \\$aCONFERENCE ANALYTIC RECORDS EXIST
=A02  \\$a102226093
=ACF  \\$aPrevious copyright fee: GBP15.00$c29\0$e01-jan-2004$fGBP15.00$g0$hP$5Uk
=ACF  \\$aCurrent copyright fee: GBP10.00$c29\0$e01-apr-2002$fGBP10.00$g0$hP$5Uk
=ACF  \\$aCurrent copyright fee: GBP13.00$c0$e01-jul-2001$fGBP13.00$g0$hC$5Uk
=ACF  \\$aPrevious copyright fee: GBP16.00$c29\0$e01-jan-2006$fGBP16.00$g0$hP$5Uk
=ACF  \\$aPrevious copyright fee: GBP18.00$c29\0$e01-jan-2008$fGBP18.00$g0$hP$5Uk
=ACF  \\$aPrevious copyright fee: GBP20.00$c29\0$e01-jan-2013$fGBP20.00$g0$hP$5Uk
=ACF  \\$aPrevious copyright fee: GBP23.00$c29\0$e01-jan-2015$fGBP23.00$g0$hP$5Uk
=ACF  \\$aPrevious copyright fee: GBP24.00$c29\0$e01-jan-2016$fGBP24.00$g0$hP$5Uk
=ACF  \\$aPrevious copyright fee: GBP26.00$c29\0$e01-jan-2017$fGBP26.00$g0$hP$5Uk
=ACF  \\$aPrevious copyright fee: GBP27.00$c29\0$e01-jan-2018$fGBP27.00$g0$hP$5Uk
=ACF  \\$aPrevious copyright fee: GBP28.00$c29\0$e01-jan-2019$fGBP28.00$g0$hP$5Uk
=ACF  \\$aPrevious Copyright Fee: GBP29.00$c29\0$e01-jan-2020$fGBP29.00$g0$hP$5Uk
=CAT  \\$aCONV$b00$c20040425$lBLL90$h0712
=CAT  \\$aBLDSS-3PM$b00$c20141208$lBLL01$h1624
=CAT  \\$aIPL-CLA$c20141231$lBLL01$h1650
=CAT  \\$aBATCH-UPD$b00$c20151119$lBLL01$h1551
=CAT  \\$aIPL-CLA$c20151231$lBLL01$h1918
=CAT  \\$aBATCH-UPD$b00$c20160524$lBLL01$h2209
=CAT  \\$aBATCH-UPD$b00$c20160525$lBLL01$h0011
=CAT  \\$aBATCH-UPD$b00$c20161122$lBLL01$h1520
=CAT  \\$aIPL-CLA$c20161230$lBLL01$h2113
=CAT  \\$aBATCH-UPD$b00$c20171121$lBLL01$h1703
=CAT  \\$aW1711-1005$c20171206$lBLL01$h1815
=CAT  \\$aIPL-CLA$c20171231$lBLL01$h1622
=CAT  \\$aBATCH-UPD$b00$c20181217$lBLL01$h1651
=CAT  \\$aIPL-CLA$c20181231$lBLL01$h1539
=CAT  \\$aW1910-0530$c20191007$lBLL01$h1114
=CAT  \\$aR1911-1518$c20191206$lBLL01$h1405
=CAT  \\$aIPL-CLA$c20191231$lBLL01$h1922
=CAT  \\$aBATCH-UPD$b00$c20220308$lBLL01$h1727
=CAT  \\$aIPL-CLA$c20220331$lBLL01$h1951
=CAT  \\$a12654$b40$c20221219$lBLL01$h1218
=CAT  \\$aS2302-1302$c20230322$lBLL01$h1707
=CAT  \\$aS2302-1302$c20230322$lBLL01$h1708
=CAT  \\$aS2302-1302$c20230323$lBLL01$h1443
=CAT  \\$aIPL-CLA$c20230331$lBLL01$h1546
=CAT  \\$aS2304-0519$c20230412$lBLL01$h1139
=CAT  \\$aBATCH-SUPP$c20230426$lBLL01$h1108
=CFI  0\$aCurrent Copyright Fee: GBP42.00$c29\0$e01-apr-2023$fGBP42.00$g0$hP$5Uk
=CFI  2\$aPrevious copyright fee: GBP32.00$c29\0$e01-apr-2022$fGBP32.00$g0$hP$5Uk
=EST  \\$a1
=FFP  \\$aY$bBLDSS-3PM
=FIN  \\$aY
=FMT  \\$a  SE
=LAS  \\$aBATCH-SUPP$b00$c20230426$lBLL01$h1108
=LEO  \\$aMP10.0000629230
=LET  \0$aAlcohol and alcoholism (Electronic)
=LKR  \\$aPAR$b009826845$lBLL01$nAlcohol and alcoholism (Print)$mAlcohol and alcoholism (Online)$r776
=MNI  \\$a0735-0414
=SRC  \\$aDSS01$bbibmp10.200404.2.aa
=TCO  \\$aCLA$bCLA$c008
=TOC  \\$aETOC
=UNO  \\$aY

