=LDR  06137cas a2201393 a 4500
=001  012431976
=003  Uk
=005  20230426110811.0
=006  m\\\\\o\\d\\\\\\\\
=007  cr\|||||||||||
=008  010419c19659999ncusr\pso\\\\\0\\\a0eng\c
=010  \\$a  2007233659
=015  \\$aGBB407072$2bnb
=016  7\$aA24180000$2DNLM
=016  7\$a7910653$2DNLM
=019  c\$a102017356
=022  0\$a1476-6256$202
=030  \\$aAJEPAS
=035  \\$a(OCoLC)46783123
=037  \\$aaje$bOxford University Press
=037  3\$aISSN_00029262$bPortico$nOxford University Press
=040  \\$aCoD-H$beng$cCoD-H$dOCoLC$dTxU-M$dMiU$dOCoLC$dUV0$dGU$dMiEM$dOCoLC$dUkCU$dAUD$dOCoLC$dUk
=042  \\$aukblsr$aissnuk
=050  14$aRA421
=060  00$aW1$bAM451D
=082  04$a614.4$223
=130  0\$aAmerican journal of epidemiology (Online)
=210  0\$aAm. j. epidemiol.$b(Online)
=222  \0$aAmerican journal of epidemiology$b(Online)
=245  10$aAmerican journal of epidemiology$h[electronic resource].
=246  13$aAm J Epidemiol
=246  13$aAJE
=260  \\$a[Baltimore, Md.] :$bJohns Hopkins University School of Hygiene and Public Health
=264  31$aCary, NC :$bOxford University Press
=310  \\$a24 issues yearly
=336  \\$atext$2rdacontent
=337  \\$acomputer$2rdamedia
=338  \\$aonline resource$2rdacarrier
=362  1\$aPrint began with v. 81 (1965).
=525  \\$aSupplements accompany some issues.
=540  \\$aCurrent Copyright Fee: GBP32.00$c29\0$5Uk
=550  \\$aPublished on behalf of the John Hopkins Bloomberg School of Public Health, in association with the Society for Epidemiologic Research.
=580  \\$aIncludes issues of earlier title: American journal of hygiene.
=588  \\$aDescription based on: Vol. 143, issue 1 (Jan. 1996); title from contents screen (Oxford Journals, viewed Aug. 22, 2007).
=588  \\$aLatest issue consulted: volume 179, number 2 (January 15, 2014) (Oxford Journals, viewed January 16, 2014).
=595  \\$aFormerly 0826.000000.
=650  \0$aEpidemiology$vPeriodicals.
=650  \0$aPublic health$vPeriodicals.
=710  2\$aJohns Hopkins University.$bSchool of Hygiene and Public Health.
=710  2\$aSociety for Epidemiologic Research,$eissuing body.
=776  08$iPrint version:$tAmerican journal of epidemiology$x0002-9262
=780  10$tAmerican journal of hygiene
=852  41$aBritish Library$bHMNTS$jELD Digital store$3Volume 179:Issue 1(2014)-***Previous issues available in print copy
=852  41$aBritish Library$bDSC$j0824.600000$3Volume 147:Issue 9(1998)-Volume 191:Issue 9(2022)***See ESTAR for full holdings.
=856  \\$31850-9999$uhttp://ukcatalogue.oup.com/$xBLDSS
=856  40$uhttp://aje.oxfordjournals.org/
=859  \\$aELD$bejournal
=859  \\$aXLD$bejournal$cSFX
=945  \\$aAmerican journal of epidemiology
=959  \\$fCurrently available
=979  \\$aBritish Library$bDSC$j0824.600000
=985  \\$aCONFERENCE ANALYTIC RECORDS EXIST
=A02  \\$a102017356
=ACF  \\$aPrevious copyright fee: GBP19.50$c29\0$e01-jan-2004$fGBP19.50$g0$hP$5Uk
=ACF  \\$aCurrent copyright fee: GBP13.00$c29\0$e01-apr-2002$fGBP13.00$g0$hP$5Uk
=ACF  \\$aCurrent copyright fee: GBP13.00$c0$e01-jul-2001$fGBP13.00$g0$hC$5Uk
=ACF  \\$aPrevious copyright fee: GBP21.00$c29\0$e01-jan-2006$fGBP21.00$g0$hP$5Uk
=ACF  \\$aPrevious copyright fee: GBP23.00$c29\0$e01-jan-2008$fGBP23.00$g0$hP$5Uk
=ACF  \\$aPrevious copyright fee: GBP20.00$c29\0$e01-jan-2013$fGBP20.00$g0$hP$5Uk
=ACF  \\$aPrevious copyright fee: GBP23.00$c29\0$e01-jan-2015$fGBP23.00$g0$hP$5Uk
=ACF  \\$aPrevious copyright fee: GBP24.00$c29\0$e01-jan-2016$fGBP24.00$g0$hP$5Uk
=ACF  \\$aPrevious copyright fee: GBP26.00$c29\0$e01-jan-2017$fGBP26.00$g0$hP$5Uk
=ACF  \\$aPrevious copyright fee: GBP27.00$c29\0$e01-jan-2018$fGBP27.00$g0$hP$5Uk
=ACF  \\$aPrevious copyright fee: GBP28.00$c29\0$e01-jan-2019$fGBP28.00$g0$hP$5Uk
=ACF  \\$aPrevious Copyright Fee: GBP20.00$c29\0$e01-jan-2020$fGBP20.00$g0$hP$5Uk
=CAT  \\$aCONV$b00$c20040425$lBLL90$h0712
=CAT  \\$aBLDSS-3PM$b00$c20141208$lBLL01$h1624
=CAT  \\$aIPL-CLA$c20141231$lBLL01$h1650
=CAT  \\$aBATCH-UPD$b00$c20151119$lBLL01$h1551
=CAT  \\$aIPL-CLA$c20151231$lBLL01$h1918
=CAT  \\$aBATCH-UPD$b00$c20160518$lBLL01$h0836
=CAT  \\$aBATCH-UPD$b00$c20160524$lBLL01$h2209
=CAT  \\$aBATCH-UPD$b00$c20161122$lBLL01$h1520
=CAT  \\$aIPL-CLA$c20161230$lBLL01$h2113
=CAT  \\$aBATCH-UPD$b00$c20171121$lBLL01$h1703
=CAT  \\$aW1711-1005$c20171206$lBLL01$h1815
=CAT  \\$aIPL-CLA$c20171231$lBLL01$h1622
=CAT  \\$aBATCH-UPD$b00$c20181217$lBLL01$h1651
=CAT  \\$aIPL-CLA$c20181231$lBLL01$h1539
=CAT  \\$aW1910-0530$c20191007$lBLL01$h1114
=CAT  \\$aR1911-1518$c20191206$lBLL01$h1419
=CAT  \\$aIPL-CLA$c20191231$lBLL01$h1922
=CAT  \\$aBATCH-UPD$b00$c20220308$lBLL01$h1734
=CAT  \\$aIPL-CLA$c20220331$lBLL01$h1951
=CAT  \\$a12654$b40$c20221205$lBLL01$h0843
=CAT  \\$aS2302-1302$c20230322$lBLL01$h1707
=CAT  \\$aS2302-1302$c20230322$lBLL01$h1708
=CAT  \\$aS2302-1302$c20230323$lBLL01$h1443
=CAT  \\$aIPL-CLA$c20230331$lBLL01$h1546
=CAT  \\$aS2304-0519$c20230412$lBLL01$h1139
=CAT  \\$aBATCH-SUPP$c20230426$lBLL01$h1108
=CFI  0\$aCurrent Copyright Fee: GBP32.00$c29\0$e01-apr-2023$fGBP32.00$g0$hP$5Uk
=CFI  2\$aPrevious copyright fee: GBP22.00$c29\0$e01-apr-2022$fGBP22.00$g0$hP$5Uk
=EST  \\$a1
=FFP  \\$aY$bBLDSS-3PM
=FIN  \\$aY
=FMT  \\$a  SE
=LAS  \\$aBATCH-SUPP$b00$c20230426$lBLL01$h1108
=LEO  \\$aMP10.0000629246
=LEO  \\$aMP22.0000068691
=LET  \0$aAmerican journal of epidemiology (Electronic)
=LKR  \\$aPAR$b011803750$lBLL01$nAmerican journal of epidemiology (Print)$mAmerican journal of epidemiology (Online)$r776
=MNI  \\$a0002-9262
=SRC  \\$aDSS01$bbibmp10.200404.2.aa
=SRC  \\$aISN01$bbibmp22.200404.2.aa
=SRC  \\$aBLL02
=TCO  \\$aTRS$bCCC$c008
=TOC  \\$aETOC
=UNO  \\$aY

