=LDR  05461cas a2201213 a 4500
=001  012432090
=003  Uk
=005  20230706111117.0
=006  m\\\\\o\\d\\\\\\\\
=007  cr\mnu||||||||
=008  040410c19649999enkqx\pso\\\\\0\\\a0eng\\
=015  \\$aGBB350948$2bnb
=019  c\$a102026727
=022  0\$a1467-9876$l0035-9254$y0035-9254$202
=037  \\$aISSN_00359254$bPortico$nWiley
=037  3\$aISSN_00359254_4$bPortico$nOxford University Press
=040  \\$aUk$cUk$dUk
=042  \\$aukblsr$aissnuk
=082  04$a519.5$221
=130  0\$aJournal of the Royal Statistical Society.$nSeries C,$pApplied statistics (Online)
=210  0\$aJ. R. Stat. Soc., Ser. C, Appl. stat.$b(Online)
=222  \0$aJournal of the Royal Statistical Society. Series C, Applied statistics$b(Online)
=245  10$aJournal of the Royal Statistical Society.$nSeries C,$pApplied statistics$h[electronic resource].
=246  30$aApplied statistics
=260  \\$a[Oxford] :$bBlackwell Publishers,$c1964-
=264  21$aOxford :$bJohn Wiley & Sons Ltd
=264  31$32023-$aOxford :$bOxford University Press
=310  \\$aFive times a year
=321  \\$aThrice-annual
=336  \\$atext$2rdacontent
=337  \\$acomputer$2rdamedia
=338  \\$aonline resource$2rdacarrier
=362  0\$aVol. 13, no. 1 (1964)-
=538  \\$aMode of access: World Wide Web.
=540  \\$aCurrent Copyright Fee: GBP40.00$c29\0$5Uk
=588  \\$aLatest issue consulted: volume 72, number 3 (June 2023) (Oxford Academic, viewed June 14, 2023).
=650  \0$aStatistics$vPeriodicals.
=710  2\$aRoyal Statistical Society (Great Britain)
=776  08$iPrint version:$tJournal of the Royal Statistical Society. Series C, Applied statistics$x0035-9254
=780  00$tApplied statistics (Online)
=852  41$aBritish Library$bSTI$jELD Digital store$3Volume 69:Issue 1(2020)-***Previous issues available in print copy
=852  41$aBritish Library$bDSC$j1580.000000$3Volume 46:Issue 3(1997)-Volume 63:Issue 5(2014)***See ESTAR for full holdings.
=856  \\$31850-9999$uhttp://onlinelibrary.wiley.com/$xBLDSS
=856  40$uhttp://rss.onlinelibrary.wiley.com/hub/journal/10.1111/(ISSN)1467-9876/
=856  40$uhttps://academic.oup.com/jrsssc
=859  \\$aELD$bejournal
=859  \\$aXLD$bejournal$cSFX
=945  \\$aApplied statistics
=959  \\$fCurrently available
=979  \\$aBritish Library$bDSC$j1580.000000
=985  \\$aISSN responsibility transferred to US ISSN Center from ISSN UK Centre, Wiley, Multinational Publisher List, Summer 2017.
=985  \\$aISSN UK Centre: Responsibility transfer in progress (Richard, 21/6/22) ; record coded as UK responsibility 14/6/23 - Portal has already been updated (DLW).
=A02  \\$a102026727
=ACF  \\$aPrevious copyright fee: GBP16.00$c10\0$e01-jan-2006$fGBP16.00$g0$hP$5Uk
=ACF  \\$aPrevious copyright fee: GBP15.00$c10\0$e01-apr-2004$fGBP15.00$g0$hP$5Uk
=ACF  \\$aCurrent copyright fee: GBP13.00$c10\0$e01-apr-2003$fGBP13.00$g0$hP$5Uk
=ACF  \\$aCurrent copyright fee: GBP13.00$c10\6$e01-apr-2002$fGBP13.00$g0$hP$5Uk
=ACF  \\$aPrevious copyright fee: GBP17.00$c10\0$e01-jan-2009$fGBP17.00$g0$hP$5Uk
=ACF  \\$aPrevious copyright fee: GBP22.00$c10\0$e01-jan-2011$fGBP22.00$g0$hP$5Uk
=ACF  \\$aPrevious copyright fee: GBP24.00$c10\0$e01-mar-2015$fGBP24.00$g0$hP$5Uk
=ACF  \\$aPrevious copyright fee: GBP24.00$c35\0$e07-mar-2017$fGBP24.00$g0$hP$5Uk
=ACF  \\$aPrevious copyright fee: GBP28.00$c35\0$e01-jan-2019$fGBP28.00$g0$hP$5Uk
=ACF  \\$aPrevious Copyright Fee: GBP32.00$c35\0$e01-jan-2020$fGBP32.00$g0$hP$5Uk
=CAT  \\$aCONV$b00$c20040425$lBLL90$h0712
=CAT  \\$aBATCH-UPD$b40$c20160705$lBLL01$h0710
=CAT  \\$aW1703-0316$c20170306$lBLL01$h1823
=CAT  \\$aW1703-0316$c20170307$lBLL01$h1647
=CAT  \\$aIPL-CLA$c20170307$lBLL01$h1823
=CAT  \\$aISSN$b40$c20170314$lBLL01$h1618
=CAT  \\$a11313$b40$c20170912$lBLL01$h1034
=CAT  \\$aW1711-1005$c20171206$lBLL01$h1815
=CAT  \\$aBATCH-UPD$b00$c20180219$lBLL01$h1744
=CAT  \\$aBATCH-UPD$b00$c20181121$lBLL01$h1620
=CAT  \\$aIPL-CLA$c20181231$lBLL01$h1539
=CAT  \\$aR1911-0245$c20191127$lBLL01$h0822
=CAT  \\$aR1911-0245$c20191127$lBLL01$h1044
=CAT  \\$aIPL-CLA$c20191231$lBLL01$h1922
=CAT  \\$aW2111-0842$c20211208$lBLL01$h1942
=CAT  \\$aIPL-CLA$c20211231$lBLL01$h1541
=CAT  \\$a10806$b40$c20220621$lBLL01$h1516
=CAT  \\$a15731$b40$c20230201$lBLL01$h1134
=CAT  \\$a15731$b40$c20230201$lBLL01$h1135
=CAT  \\$aS2302-1302$c20230323$lBLL01$h1444
=CAT  \\$aIPL-CLA$c20230331$lBLL01$h1546
=CAT  \\$a11450$b40$c20230403$lBLL01$h1524
=CAT  \\$aS2304-0519$c20230412$lBLL01$h1139
=CAT  \\$aBATCH-SUPP$c20230426$lBLL01$h1108
=CAT  \\$a10973$b40$c20230614$lBLL01$h1619
=CAT  \\$a12654$b40$c20230706$lBLL01$h1111
=CFI  0\$aCurrent Copyright Fee: GBP40.00$c29\0$e01-apr-2023$fGBP40.00$g0$hP$5Uk
=CFI  2\$aPrevious copyright fee: GBP39.00$c35\0$e01-jan-2022$fGBP39.00$g0$hP$5Uk
=EST  \\$a1
=FFP  \\$aY$bBLDSS-3PM
=FIN  \\$aY
=FMT  \\$a  SE
=LAS  \\$a12654$b40$c20230706$lBLL01$h1111
=LEO  \\$aMP10.0000629360
=LEO  \\$aMP22.0000062223
=MNI  \\$a0035-9254
=SRC  \\$aISN01$bbibmp22.200404.2.aa
=SRC  \\$aDSS01$bbibmp10.200404.2.aa
=TCO  \\$aCLA$bCLA$c008
=TOC  \\$aETOC
=UNO  \\$aY

