=LDR  05441cas a2201261 a 4500
=001  012432223
=003  Uk
=005  20230426110812.0
=006  m\\\\\o\\d\\\\\\\\
=007  cr\cnu||||||||
=008  040410c19699999enkmr\p\o\\\\\0\\\a0eng\\
=015  \\$aGBB349410$2bnb
=019  c\$a102035389
=022  0\$a1095-8312$l0024-4066$y0024-4066
=037  \\$aISSN_00244066_2$bPortico$nWiley
=037  2\$abiolinnean$bOxford University Press
=037  3\$aISSN_00244066_4$bPortico$nOxford University Press
=040  \\$aUk$cUk$dUk
=042  \\$aukblsr
=082  04$a570$222
=130  0\$aBiological journal of the Linnean Society (Online)
=210  0\$aBiol. j. Linn. Soc.$b(Online)
=222  \0$aBiological journal of the Linnean Society$b(Online)
=245  10$aBiological journal of the Linnean Society$h[electronic resource].
=260  \\$aLondon :$bPublished for the Linnean Society of London by Academic Press
=264  21$3Jan. 2002-<Feb. 2003>$aOxford, UK :$bBlackwell Pub
=264  31$a[Oxford] :$bOxford University Press
=310  \\$aMonthly
=336  \\$atext$2rdacontent
=337  \\$acomputer$2rdamedia
=338  \\$aonline resource$2rdacarrier
=362  1\$aPrint began in 1969.
=500  \\$aPublished: Jan. 2002-<Feb. 2003>.
=530  \\$aAlso issued in print.
=538  \\$aMode of access: World Wide Web.
=540  \\$aCurrent Copyright Fee: GBP32.00$c29\0$5Uk
=588  \\$aLatest issue consulted: volume 128, issue 2 (October 2019) (Oxford Academic, viewed October 16, 2019).
=595  \\$aFORMERLY 6749.0 UP TO 179, 1968.
=650  \0$aBiology$vPeriodicals.
=650  \0$aEvolution (Biology)$vPeriodicals.
=710  2\$aLinnean Society of London.
=776  1\$tBiological journal (London)$x0024-4066
=780  00$tProceedings of the Linnean Society of London$x1747-2741
=852  41$aBritish Library$bSTI$jELD Digital store$3Volume 108:Number 1(2013:Jan.)-***Previous issues available in print copy
=852  41$aBritish Library$bDSC$j2075.460000$3Volume 1:Issue 1/2(1969)-Volume 113:Issue 4(2014)***See ESTAR for full holdings.
=856  \\$31850-9999$uhttp://onlinelibrary.wiley.com/$xBLDSS
=856  40$uhttp://www.blackwell-synergy.com/servlet/useragent?func=showIssues&code=bij
=856  40$uhttps://academic.oup.com/biolinnean/issue
=859  \\$aXLD$bejournal$cSFX
=859  \\$aELD$bejournal
=945  \\$aBIOLOGICAL JOURNAL- LINNEAN SOCIETY.
=959  \\$fCurrently available
=963  \\$aVOL. 1, 1969- *A=1$bY$cP382.C.201
=964  \\$aVOL. 1, 1969- *A=1$c57/59$dO$eTL5781
=979  \\$aBritish Library$bDSC$j2075.460000
=985  \\$aCONFERENCE ANALYTIC &RECORDS EXIST
=985  \\$aCorrected by MS generated file for WR# 12.018
=A02  \\$a102035389
=ACF  \\$aCurrent copyright fee: GBP13.00$c10\0$e01-apr-2003$fGBP13.00$g0$hP$5Uk
=ACF  \\$aCurrent copyright fee: GBP13.00$c10\4$e01-apr-2002$fGBP13.00$g0$hP$5Uk
=ACF  \\$aPrevious copyright fee: GBP15.00$c10\0$e01-apr-2004$fGBP15.00$g0$hP$5Uk
=ACF  \\$aPrevious copyright fee: GBP22.00$c10\0$e01-jan-2006$fGBP22.00$g0$hP$5Uk
=ACF  \\$aPrevious copyright fee: GBP24.00$c10\0$e01-mar-2015$fGBP24.00$g0$hP$5Uk
=ACF  \\$aPrevious copyright fee: GBP26.00$c29\0$e01-jan-2017$fGBP26.00$g0$hP$5Uk
=ACF  \\$aPrevious copyright fee: GBP27.00$c29\0$e01-jan-2018$fGBP27.00$g0$hP$5Uk
=ACF  \\$aPrevious copyright fee: GBP28.00$c29\0$e01-jan-2019$fGBP28.00$g0$hP$5Uk
=ACF  \\$aPrevious Copyright Fee: GBP20.00$c29\0$e01-jan-2020$fGBP20.00$g0$hP$5Uk
=CAT  \\$aCONV$b00$c20040425$lBLL90$h0712
=CAT  \\$a10983$b40$c20161121$lBLL01$h1130
=CAT  \\$aIPL-CLA$c20161230$lBLL01$h2113
=CAT  \\$aBATCH-UPD$b00$c20170104$lBLL01$h0049
=CAT  \\$aBATCH-UPD$b00$c20171121$lBLL01$h1703
=CAT  \\$aW1711-1005$c20171206$lBLL01$h1815
=CAT  \\$aIPL-CLA$c20171231$lBLL01$h1623
=CAT  \\$aBATCH-UPD$b00$c20181217$lBLL01$h1651
=CAT  \\$aIPL-CLA$c20181231$lBLL01$h1539
=CAT  \\$a5410$b40$c20190829$lBLL01$h0853
=CAT  \\$a15005$b40$c20191008$lBLL01$h1410
=CAT  \\$a3072$b40$c20191016$lBLL01$h1515
=CAT  \\$a3072$b40$c20191016$lBLL01$h1516
=CAT  \\$aR1911-1518$c20191206$lBLL01$h1419
=CAT  \\$aIPL-CLA$c20191231$lBLL01$h1922
=CAT  \\$aBATCH-UPD$b00$c20220308$lBLL01$h1734
=CAT  \\$aIPL-CLA$c20220331$lBLL01$h1951
=CAT  \\$a5410$b40$c20221007$lBLL01$h0910
=CAT  \\$a12654$b40$c20230116$lBLL01$h0853
=CAT  \\$a12654$b40$c20230116$lBLL01$h0911
=CAT  \\$aS2302-1302$c20230322$lBLL01$h1707
=CAT  \\$aS2302-1302$c20230322$lBLL01$h1708
=CAT  \\$aS2302-1302$c20230323$lBLL01$h1443
=CAT  \\$aIPL-CLA$c20230331$lBLL01$h1546
=CAT  \\$aS2304-0519$c20230412$lBLL01$h1139
=CAT  \\$aBATCH-SUPP$c20230426$lBLL01$h1108
=CFI  0\$aCurrent Copyright Fee: GBP32.00$c29\0$e01-apr-2023$fGBP32.00$g0$hP$5Uk
=CFI  2\$aPrevious copyright fee: GBP22.00$c29\0$e01-apr-2022$fGBP22.00$g0$hP$5Uk
=EST  \\$a1
=FFP  \\$aY$bBLDSS-3PM
=FIN  \\$aY
=FMT  \\$a  SE
=LAS  \\$aBATCH-SUPP$b00$c20230426$lBLL01$h1108
=LEO  \\$aMP10.0000629493
=LKR  \\$aPAR$b011101391$lBLL01$r776$mBiological journal of the Linnean Society (Online)$nBiological journal (London)
=MNI  \\$a0024-4066
=SID  \\$aZ39$bOCLC
=SRC  \\$aDSS01$bbibmp10.200404.2.aa
=TCO  \\$aCLA$bCLA$c008
=TOC  \\$aETOC
=UNO  \\$aY

