=LDR  06115cas a2201333 a 4500
=001  012432238
=003  Uk
=005  20230426110812.0
=006  m\\\\\\\\d\\\\\\\\
=007  cr||||||||||||
=008  040410c19019999enkqr\p\o\\\\\0\\\a0eng\\
=015  \\$aGBB407106$2bnb
=019  c\$a102035556
=022  0\$a1464-3510$l0006-3444$y0006-3444$202
=030  \\$aBIOKAX
=035  \\$a(OCoLC)41669958$z(OCoLC)41041871$z(OCoLC)47024870
=037  \\$abiomet$bOxford University Press
=037  3\$aISSN_00063444$bPortico$nOxford University Press
=040  \\$aEYM$beng$cEYM$dOCLCQ$dTMC$dIUL$dMUQ$dOCLCQ$dGUA$dOCLCQ$dOCLCO$dOCLCQ$dOCLCF$dUk
=041  0\$aeng$afre$ager$aita
=042  \\$aissnuk$aukblsr
=050  14$aQH301
=082  04$a570.1519505$223
=130  0\$aBiometrika (Online)
=222  \0$aBiometrika$b(Online)
=245  10$aBiometrika$h[electronic resource].
=264  \1$aCambridge [England] :$bUniversity Press ;$aNew York :$bMacmillan Co.
=264  21$31922-May 1933$aLondon :$bUniversity College Biometric Laboratory
=264  21$3Dec. 1933-1969$aLondon :$bBiometrika Office
=264  21$31970-$a[London] :$bBiometrika Trust
=264  31$a[Oxford] :$bOxford University Press
=310  \\$aQuarterly,$b1987-
=321  \\$aFrequency varies,$b1901-1986
=336  \\$atext$2rdacontent
=337  \\$acomputer$2rdamedia
=338  \\$aonline resource$2rdacarrier
=362  0\$aVol. 1, no. 1 (Oct. 1901)-
=515  \\$aVol. 20 in two pts.: A and B.
=515  \\$aSome numbers issued in combined form.
=540  \\$aCurrent Copyright Fee: GBP32.00$c29\0$5Uk
=546  \\$aIn English, French, German, and Italian, 1901- ; in English only, <2009>-
=550  \\$aVols. 14-25, no. 1/2, issued by the Biometric Laboratory, University College, London; vols. for <1996>- issued by: Biometrika Trust.
=588  \\$aDescription based on: Vol. 1, no. 1 (Oct. 1901); title from journal information screen (Oxford Journals, viewed Apr. 22, 2010).
=588  \\$aLatest issue consulted: volume 100, no. 4 (December 2013) (viewed January 16, 2014).
=650  \0$aBiometry$vPeriodicals.
=710  2\$aBiometrika Trust.
=710  2\$aUniversity College, London.$bBiometric Laboratory.
=776  08$iAlso issued in print as:$tBiometrika$x0006-3444
=852  41$aBritish Library$bHMNTS$jELD Digital store$3Volume 101:Number 1(2014:Mar.)-***Previous issues available in print copy
=852  41$aBritish Library$bDSC$j2089.000000$3mar-2000 VOL 87 PART 1-Volume 101:Issue 4(2014)***See ESTAR for full holdings.
=856  \\$31850-9999$uhttp://ukcatalogue.oup.com/$xBLDSS
=856  4\$uhttp://firstsearch.oclc.org$zAddress for accessing the journal using authorization number and password through OCLC FirstSearch Electronic Collections Online
=856  4\$uhttp://www.ingenta.com/journals/browse/oup/biomet?mode=direct
=856  40$3Full text: Vol. 87, no. 1 (Mar. 2000)-$uhttp://www.oup.co.uk/biomet/contents
=856  40$uhttp://biomet.oxfordjournals.org
=856  40$uhttp://www.jstor.org/journals/00063444.html
=859  \\$aXLD$bejournal$cSFX
=859  \\$aELD$bejournal
=945  \\$aBiometrika -Cambridge-
=959  \\$fCurrently available
=979  \\$aBritish Library$bDSC$j2089.000000
=A02  \\$a102035556
=ACF  \\$aPrevious copyright fee: GBP12.00$c29\0$e01-jan-2004$fGBP12.00$g0$hP$5Uk
=ACF  \\$aCurrent copyright fee: GBP8.00$c29\0$e01-apr-2002$fGBP8.00$g0$hP$5Uk
=ACF  \\$aCurrent copyright fee: GBP10.00$c0$e01-jul-2001$fGBP10.00$g0$hC$5Uk
=ACF  \\$aPrevious Copyright Fee: GBP13.00$c29\0$e01-jan-2006$fGBP13.00$g0$hP$5Uk
=ACF  \\$aPrevious copyright fee: GBP14.00$c29\0$e01-jan-2008$fGBP14.00$g0$hP$5Uk
=ACF  \\$aPrevious copyright fee: GBP20.00$c29\0$e01-jan-2013$fGBP20.00$g0$hP$5Uk
=ACF  \\$aPrevious copyright fee: GBP23.00$c29\0$e01-jan-2015$fGBP23.00$g0$hP$5Uk
=ACF  \\$aPrevious copyright fee: GBP24.00$c29\0$e01-jan-2016$fGBP24.00$g0$hP$5Uk
=ACF  \\$aPrevious copyright fee: GBP26.00$c29\0$e01-jan-2017$fGBP26.00$g0$hP$5Uk
=ACF  \\$aPrevious copyright fee: GBP27.00$c29\0$e01-jan-2018$fGBP27.00$g0$hP$5Uk
=ACF  \\$aPrevious copyright fee: GBP28.00$c29\0$e01-jan-2019$fGBP28.00$g0$hP$5Uk
=ACF  \\$aPrevious Copyright Fee: GBP20.00$c29\0$e01-jan-2020$fGBP20.00$g0$hP$5Uk
=CAT  \\$aCONV$b00$c20040425$lBLL90$h0712
=CAT  \\$aBLDSS-3PM$b00$c20141208$lBLL01$h1624
=CAT  \\$aIPL-CLA$c20141231$lBLL01$h1650
=CAT  \\$aBATCH-UPD$b00$c20151119$lBLL01$h1551
=CAT  \\$aIPL-CLA$c20151231$lBLL01$h1918
=CAT  \\$aBATCH-UPD$b00$c20160524$lBLL01$h2209
=CAT  \\$aBATCH-UPD$b00$c20160525$lBLL01$h0012
=CAT  \\$aBATCH-UPD$b00$c20161122$lBLL01$h1520
=CAT  \\$aIPL-CLA$c20161230$lBLL01$h2113
=CAT  \\$aBATCH-UPD$b00$c20171121$lBLL01$h1703
=CAT  \\$aW1711-1005$c20171206$lBLL01$h1815
=CAT  \\$aIPL-CLA$c20171231$lBLL01$h1623
=CAT  \\$aBATCH-UPD$b00$c20181217$lBLL01$h1651
=CAT  \\$aIPL-CLA$c20181231$lBLL01$h1539
=CAT  \\$aW1910-0530$c20191007$lBLL01$h1114
=CAT  \\$aR1911-1518$c20191206$lBLL01$h1419
=CAT  \\$aIPL-CLA$c20191231$lBLL01$h1922
=CAT  \\$aBATCH-UPD$b00$c20220308$lBLL01$h1734
=CAT  \\$aIPL-CLA$c20220331$lBLL01$h1951
=CAT  \\$a12654$b40$c20230116$lBLL01$h0918
=CAT  \\$aS2302-1302$c20230322$lBLL01$h1707
=CAT  \\$aS2302-1302$c20230322$lBLL01$h1708
=CAT  \\$aS2302-1302$c20230323$lBLL01$h1443
=CAT  \\$aIPL-CLA$c20230331$lBLL01$h1546
=CAT  \\$aS2304-0519$c20230412$lBLL01$h1139
=CAT  \\$aBATCH-SUPP$c20230426$lBLL01$h1108
=CFI  0\$aCurrent Copyright Fee: GBP32.00$c29\0$e01-apr-2023$fGBP32.00$g0$hP$5Uk
=CFI  2\$aPrevious copyright fee: GBP22.00$c29\0$e01-apr-2022$fGBP22.00$g0$hP$5Uk
=EST  \\$a1
=FFP  \\$aY$bBLDSS-3PM
=FIN  \\$aY
=FMT  \\$a  SE
=LAS  \\$aBATCH-SUPP$b00$c20230426$lBLL01$h1108
=LEO  \\$aMP10.0000629508
=MNI  \\$a0006-3444
=SID  \\$aZ39$bOCLC
=SRC  \\$aDSS01$bbibmp10.200404.2.aa
=TCO  \\$aCLA$bCLA$c008
=TOC  \\$aETOC
=UNO  \\$aY

