=LDR  05164cas a2201189 a 4500
=001  012432264
=003  Uk
=005  20230426110812.0
=006  m\\\\\o\\d\\\\\\\\
=007  cr\cnu||||||||
=008  040410c19699999enkmr\p\o\\\\\0\\\a0eng\\
=015  \\$aGBB349422$2bnb
=019  c\$a102037859
=022  0\$a1095-8339$l0024-4074$y0024-4074$202
=037  \\$aISSN_00244074_2$bPortico$nWiley
=037  2\$abotlinnean$bOxford University Press
=037  3\$aISSN_00244074_4$bPortico$nOxford University Press
=040  \\$aUk$cUk$dUk
=042  \\$aukblsr$aissnuk
=082  04$a580
=130  0\$aBotanical journal of the Linnean Society (Online)
=210  1\$aBot. j. Linn. Soc.$b(Online)
=222  \0$aBotanical journal of the Linnean Society$b(Online)
=245  10$aBotanical journal of the Linnean Society$h[electronic resource].
=260  \\$aLondon :$bPublished for the Linnean Society of London by Academic Press
=264  31$a[Oxford] :$bOxford University Press
=310  \\$aMonthly
=336  \\$atext$2rdacontent
=337  \\$acomputer$2rdamedia
=338  \\$aonline resource$2rdacarrier
=362  1\$aPrint began in 1969.
=530  \\$aAlso issued in print.
=538  \\$aMode of access: World Wide Web.
=540  \\$aCurrent copyright fee: GBP22.00$c29\0$5Uk
=588  \\$aDescription based on: Vol. 120, no. 1 (Jan. 1996); title from title information screen.
=588  \\$aLatest issue consulted: volume 184, issue 3 (July 2017) (Oxford Academic, viewed July 14, 2017).
=595  \\$aFORMERLY 4815.00 UP TO 1968.
=650  \0$aBotany$vPeriodicals.
=710  2\$aLinnean Society of London.
=776  1\$tBotanical journal of the Linnean Society$x0024-4074
=852  41$aBritish Library$bSTI$jELD Digital store$3Volume 171:Number 1(2013:Jan.)-***Previous issues available in print copy
=852  41$aBritish Library$bDSC$j2254.300000$3Volume 58:Issue 374(1963)-Volume 176:Issue 4(2014)***See ESTAR for full holdings.
=856  \\$31850-9999$uhttp://onlinelibrary.wiley.com/$xBLDSS
=856  4\$uhttp://www.blackwell-synergy.com/servlet/useragent?func=showIssues&code=boj
=859  \\$aXLD$bejournal$cSFX
=859  \\$aELD$bejournal
=945  \\$aBOTANICAL JOURNAL- LINNEAN SOCIETY.
=959  \\$fCurrently available
=963  \\$aVOL. 62, 1969- *A=1$bY$cP370.B.104
=964  \\$aVOL. 62, 1969- *A=1$c57/59$dQ$eTL5796
=979  \\$aBritish Library$bDSC$j2254.300000
=985  \\$aISSN responsibility transferred from U.S. Center to UK (12/12/17)
=A02  \\$a102037859
=ACF  \\$aCurrent copyright fee: GBP13.00$c10\0$e01-apr-2003$fGBP13.00$g0$hP$5Uk
=ACF  \\$aCurrent copyright fee: GBP13.00$c10\4$e01-apr-2002$fGBP13.00$g0$hP$5Uk
=ACF  \\$aPrevious copyright fee: GBP15.00$c10\0$e01-apr-2004$fGBP15.00$g0$hP$5Uk
=ACF  \\$aPrevious copyright fee: GBP22.00$c10\0$e01-jan-2006$fGBP22.00$g0$hP$5Uk
=ACF  \\$aPrevious copyright fee: GBP24.00$c10\0$e01-mar-2015$fGBP24.00$g0$hP$5Uk
=ACF  \\$aPrevious copyright fee: GBP26.00$c29\0$e01-jan-2017$fGBP26.00$g0$hP$5Uk
=ACF  \\$aPrevious copyright fee: GBP28.00$c29\0$e01-jan-2019$fGBP28.00$g0$hP$5Uk
=ACF  \\$aPrevious copyright fee: GBP27.00$c29\0$e01-jan-2018$fGBP27.00$g0$hP$5Uk
=CAT  \\$aCONV$b00$c20040425$lBLL90$h0712
=CAT  \\$aBATCH-CLA$c20140225$lBLL01$h2318
=CAT  \\$aBLDSS-3PM$b00$c20141214$lBLL01$h1521
=CAT  \\$aBATCH-UPD$b00$c20150215$lBLL01$h1623
=CAT  \\$aIPL-CLA$c20150228$lBLL01$h2046
=CAT  \\$aCDS15-UPD$b40$c20150918$lBLL01$h1639
=CAT  \\$aBATCH-UPD$b40$c20160519$lBLL01$h1951
=CAT  \\$a5552$b40$c20161109$lBLL01$h1402
=CAT  \\$a5552$b40$c20161111$lBLL01$h1436
=CAT  \\$a14412$b40$c20161215$lBLL01$h1417
=CAT  \\$aIPL-CLA$c20161230$lBLL01$h2113
=CAT  \\$aBATCH-UPD$b00$c20170104$lBLL01$h0049
=CAT  \\$a10983$b40$c20170306$lBLL01$h1558
=CAT  \\$a10806$b40$c20170714$lBLL01$h1415
=CAT  \\$aBATCH-UPD$b40$c20171121$lBLL01$h1703
=CAT  \\$aW1711-1005$c20171206$lBLL01$h1815
=CAT  \\$a10806$b40$c20171212$lBLL01$h0949
=CAT  \\$aIPL-CLA$c20171231$lBLL01$h1623
=CAT  \\$aBATCH-UPD$b00$c20181217$lBLL01$h1651
=CAT  \\$aIPL-CLA$c20181231$lBLL01$h1539
=CAT  \\$a15005$b40$c20191008$lBLL01$h1418
=CAT  \\$a12654$b40$c20200110$lBLL01$h1213
=CAT  \\$aBATCH-UPD$b40$c20220308$lBLL01$h1734
=CAT  \\$aIPL-CLA$c20220331$lBLL01$h1951
=CAT  \\$a12654$b40$c20230116$lBLL01$h1224
=CAT  \\$aBATCH-SUPP$c20230426$lBLL01$h1108
=CFI  0\$aCurrent copyright fee: GBP22.00$c29\0$e01-apr-2022$fGBP22.00$g0$hP$5Uk
=CFI  2\$aPrevious copyright fee: GBP20.00$c29\0$e10-jan-2020$fGBP20.00$g0$hP$5Uk
=EST  \\$a1
=FFP  \\$aY$bBLDSS-3PM
=FIN  \\$aY
=FMT  \\$a  SE
=LAS  \\$aBATCH-SUPP$b00$c20230426$lBLL01$h1108
=LEO  \\$aMP10.0000629534
=LKR  \\$aPAR$b011106915$lBLL01$r776$mBotanical journal of the Linnean Society (Online)$nBotanical journal of the Linnean Society
=MNI  \\$a0024-4074
=SID  \\$aZ39$bOCLC
=SRC  \\$aDSS01$bbibmp10.200404.2.aa
=TCO  \\$aCLA$bCLA$c008
=TOC  \\$aETOC
=UNO  \\$aY

