=LDR  05949cas a2201369 a 4500
=001  012432268
=003  Uk
=005  20230426110812.0
=006  m\\\\\\\\d\|\\\\\\
=007  cr||||||||||||
=008  971007c18789999enkmr\p\o\\\\\0\\\a0eng\\
=015  \\$aGBB407177$2bnb
=019  c\$a102038008
=022  0\$a1460-2156$y0006-8950$202
=037  \\$abrainj$bOxford University Press
=037  3\$aISSN_00068950$bPortico$nOxford University Press
=040  \\$aUk$beng$cUk$dUk
=042  \\$aissnuk$aukblsr
=082  04$a616.8005$222
=130  0\$aBrain (Online)
=210  0\$aBrain$b(Online)
=222  \0$aBrain$b(Online)
=245  10$aBrain$h[electronic resource].
=264  \1$aLondon :$bButterworths Scientific Publications
=264  21$31950-$aLondon :$bMacmillan
=264  21$31979-<1986>$aOxford :$bClarendon Press
=264  31$3<Feb. 1990>-$aOxford :$bOxford University Press
=310  \\$aMonthly,$b1997-
=321  \\$aQuarterly,$b-1985
=321  \\$aBimonthly,$b1986-1996
=336  \\$atext$2rdacontent
=337  \\$acomputer$2rdamedia
=338  \\$aonline resource$2rdacarrier
=362  1\$aPrint began in 1878.
=500  \\$a"A journal of neurology."
=506  \\$aLicense restrictions may limit access.
=530  \\$aIssued also on microfilm and microfiche.
=540  \\$aCurrent Copyright Fee: GBP42.00$c29\0$5Uk
=588  \\$aLatest issue consulted: volume 137, part 1 (January 2014) (Oxford Journals, viewed January 17, 2014).
=650  \0$aNeurology$vPeriodicals.
=776  08$iPrint version:$tBrain$x0006-8950
=787  0\$tBrain communications$x2632-1297
=852  41$aBritish Library$bHMNTS$jELD Digital store$3Volume 136:Issue 1(2013:Jan.)-***Previous issues available in print copy
=852  41$aBritish Library$bDSC$j2268.000000$3jan-2000 VOL 123 PART 1-Volume 141:Issue 11(2018)***See ESTAR for full holdings.
=856  \\$31850-9999$uhttp://ukcatalogue.oup.com/$xBLDSS
=856  4\$uhttp://firstsearch.oclc.org$zAddress for accessing the journal using authorization number and password through OCLC FirstSearch Electronic Collections Online
=856  40$uhttp://brain.oupjournals.org
=856  40$uhttp://brain.oxfordjournals.org
=856  40$uhttp://brain.oxfordjournals.org$z1996 to 1 year ago
=856  40$uhttp://brain.oxfordjournals.org/archive$z1878 to 1995
=856  40$uhttp://brain.oxfordjournals.org/archive$z1996 to present
=856  40$uhttp://www.ingentaconnect.com/content/oup/brainj$z1998 to 2009
=859  \\$aELD$bejournal
=859  \\$aXLD$bejournal$cSFX
=945  \\$aBRAIN
=959  \\$fCurrently available
=963  \\$aVOL. 1, 1878- *A=1$bY$cP326.B.282
=964  \\$aVOL. 1, 1879- *A=1$c61$dO$eJB594
=979  \\$aBritish Library$bDSC$j2268.000000
=985  \\$aCorrected by BSS-generated file for WR# 08/157
=985  \\$aRecord merged by DQ team
=A02  \\$a102038008
=ACF  \\$aPrevious copyright fee: GBP15.00$c29\0$e01-jan-2004$fGBP15.00$g0$hP$5Uk
=ACF  \\$aCurrent copyright fee: GBP10.00$c29\0$e01-apr-2002$fGBP10.00$g0$hP$5Uk
=ACF  \\$aCurrent copyright fee: GBP13.00$c0$e01-jul-2001$fGBP13.00$g0$hC$5Uk
=ACF  \\$aPrevious copyright fee: GBP16.00$c29\0$e01-jan-2006$fGBP16.00$g0$hP$5Uk
=ACF  \\$aPrevious copyright fee: GBP18.00$c29\0$e01-jan-2008$fGBP18.00$g0$hP$5Uk
=ACF  \\$aPrevious copyright fee: GBP20.00$c29\0$e01-jan-2013$fGBP20.00$g0$hP$5Uk
=ACF  \\$aPrevious copyright fee: GBP23.00$c29\0$e01-jan-2015$fGBP23.00$g0$hP$5Uk
=ACF  \\$aPrevious copyright fee: GBP24.00$c29\0$e01-jan-2016$fGBP24.00$g0$hP$5Uk
=ACF  \\$aPrevious copyright fee: GBP26.00$c29\0$e01-jan-2017$fGBP26.00$g0$hP$5Uk
=ACF  \\$aPrevious copyright fee: GBP27.00$c29\0$e01-jan-2018$fGBP27.00$g0$hP$5Uk
=ACF  \\$aPrevious Copyright Fee: zero$c29\0$e10-jan-2020$fGBP0.00$g0$hP$5Uk
=ACF  \\$aPrevious Copyright Fee: GBP29.00$c29\0$e01-jan-2020$fGBP29.00$g0$hP$5Uk
=ACF  \\$aPrevious copyright fee: GBP28.00$c29\0$e01-jan-2019$fGBP28.00$g0$hP$5Uk
=ACF  \\$aPrevious Copyright Fee: GBP29.00$c29\0$e15-jan-2020$fGBP29.00$g0$hP$5Uk
=CAT  \\$aCONV$b00$c20040425$lBLL90$h0712
=CAT  \\$aBATCH-UPD$b00$c20160524$lBLL01$h2209
=CAT  \\$aBATCH-UPD$b00$c20160525$lBLL01$h0012
=CAT  \\$aBATCH-UPD$b00$c20161122$lBLL01$h1520
=CAT  \\$aIPL-CLA$c20161230$lBLL01$h2113
=CAT  \\$aBATCH-UPD$b00$c20171121$lBLL01$h1703
=CAT  \\$aW1711-1005$c20171206$lBLL01$h1815
=CAT  \\$aIPL-CLA$c20171231$lBLL01$h1623
=CAT  \\$aBATCH-UPD$b00$c20181217$lBLL01$h1651
=CAT  \\$aIPL-CLA$c20181231$lBLL01$h1539
=CAT  \\$a8323$b40$c20190830$lBLL01$h1137
=CAT  \\$aW1910-0530$c20191007$lBLL01$h1114
=CAT  \\$aR1911-1518$c20191206$lBLL01$h1406
=CAT  \\$aIPL-CLA$c20191231$lBLL01$h1922
=CAT  \\$a12654$b40$c20200110$lBLL01$h1215
=CAT  \\$a12654$b40$c20200115$lBLL01$h1044
=CAT  \\$a8124$b40$c20210112$lBLL01$h1608
=CAT  \\$aBATCH-UPD$b40$c20220308$lBLL01$h1727
=CAT  \\$aIPL-CLA$c20220331$lBLL01$h1951
=CAT  \\$a12654$b40$c20221205$lBLL01$h0951
=CAT  \\$aS2302-1302$c20230322$lBLL01$h1707
=CAT  \\$aS2302-1302$c20230322$lBLL01$h1708
=CAT  \\$aS2302-1302$c20230323$lBLL01$h1443
=CAT  \\$aIPL-CLA$c20230331$lBLL01$h1546
=CAT  \\$aS2304-0519$c20230412$lBLL01$h1139
=CAT  \\$aBATCH-SUPP$c20230426$lBLL01$h1108
=CFI  0\$aCurrent Copyright Fee: GBP42.00$c29\0$e01-apr-2023$fGBP42.00$g0$hP$5Uk
=CFI  2\$aPrevious copyright fee: GBP32.00$c29\0$e01-apr-2022$fGBP32.00$g0$hP$5Uk
=EST  \\$a1
=FFP  \\$aY$bBLDSS-3PM
=FIN  \\$aY
=FMT  \\$a  SE
=LAS  \\$aBATCH-SUPP$b00$c20230426$lBLL01$h1108
=LEO  \\$aMP22.0000056189
=LEO  \\$aMP10.0000629538
=MNI  \\$a0006-8950
=SRC  \\$aISN01$bbibmp22.200404.2.aa
=SRC  \\$aDSS01$bbibmp10.200404.2.aa
=TCO  \\$aCLA$bCLA$c008
=TOC  \\$aETOC
=UNO  \\$aY

