=LDR  05576cas a2201273 a 4500
=001  012432291
=003  Uk
=005  20230706082837.0
=006  m\\\\fo\\d\\\\\\\\
=007  cr\un|||||||||
=008  040410c19519999enkmr\p\o\\\\\0\\\a0eng\\
=015  \\$aGBB349559$2bnb
=019  c\$a102038588
=022  0\$a1365-2133$l0007-0963$y0007-0963$202
=037  \\$aISSN_00070963$bPortico$nWiley
=037  3\$aISSN_00070963_4$bPortico$nOxford University Press
=040  \\$aUk$beng$cUk$dUk
=042  \\$aukblsr$aissnuk
=082  04$a616.5$221
=130  0\$aBritish journal of dermatology (Oxford, England : Online)
=210  0\$aBr. j. dermatol.$b(1951. Online)
=222  \0$aBritish journal of dermatology$b(1951. Online)
=245  10$aBritish journal of dermatology$h[electronic resource].
=260  \\$a[Oxford] :$bBlackwell Science,$c[1951]-
=264  21$a[Oxford] :$bWiley
=264  31$a[Oxford] :$bOxford University Press
=310  \\$aMonthly
=336  \\$atext$2rdacontent
=337  \\$acomputer$2rdamedia
=338  \\$aonline resource$2rdacarrier
=362  1\$aPrint began in 1951.
=525  \\$aIncludes online version of the separately numbered suppl. series, beginning with suppl. <54>.
=538  \\$aMode of access: World Wide Web.
=540  \\$aCurrent Copyright Fee: GBP48.00$c29\0$5Uk
=550  \\$aJournal of: British Association of Dermatologists.
=588  \\$aLatest issue consulted: volume 188, issue 1 (January 2023) (Oxford University Press website, viewed January 27, 2023).
=595  \\$aCONTD AS 2307.41 VOL. 29, 1917- FORMERLY 2307.41 UP TO VOL. 65, 1953.
=650  \0$aDermatology$vPeriodicals.
=650  \0$aSkin$xDiseases$vPeriodicals.
=710  2\$aBritish Association of Dermatologists.
=776  08$iAlso issued in print as:$tBritish journal of dermatology (1951)$x0007-0963
=776  1\$tBritish journal of dermatology. Supplement$x0366-077X
=852  41$aBritish Library$bDSC$j2307.400000$3Volume 48:Issue 11(1936)-Volume 178:Issue 2(2018)***See ESTAR for full holdings.
=852  41$aBritish Library$bSTI$jELD Digital store$3Volume 168:Number 1(2013:Jan.)-***Previous issues available in print copy
=856  \\$31850-9999$uhttp://onlinelibrary.wiley.com/$xBLDSS
=856  40$uhttp://onlinelibrary.wiley.com/journal/10.1111/(ISSN)1365-2133
=856  40$uhttps://academic.oup.com/bjd
=859  \\$aXLD$bejournal$cSFX
=859  \\$aELD$bejournal
=945  \\$aBRITISH JOURNAL OF DERMATOLOGY.
=959  \\$fCurrently available
=963  \\$aVOL. 1, 1888- *A=1$bY$cP312:7.B.26
=979  \\$aBritish Library$bDSC$j2307.400000
=985  \\$aCorrected by BSS-generated file for WR# 08/157
=985  \\$aCONFERENCE ANALYTIC RECORDS EXIST
=985  \\$aRecord merged by DQ team
=A02  \\$a102038588
=ACF  \\$aCurrent copyright fee: GBP13.00$c10\0$e01-apr-2003$fGBP13.00$g0$hP$5Uk
=ACF  \\$aCurrent copyright fee: GBP13.00$c10\4$e01-jan-2002$fGBP13.00$g0$hP$5Uk
=ACF  \\$aPrevious copyright fee: GBP15.00$c10\0$e01-apr-2004$fGBP15.00$g0$hP$5Uk
=ACF  \\$aPrevious copyright fee: GBP22.00$c10\0$e01-jan-2006$fGBP22.00$g0$hP$5Uk
=ACF  \\$aPrevious copyright fee: GBP24.00$c10\0$e01-mar-2015$fGBP24.00$g0$hP$5Uk
=ACF  \\$aPrevious copyright fee: GBP24.00$c35\0$e07-mar-2017$fGBP24.00$g0$hP$5Uk
=ACF  \\$aPrevious copyright fee: GBP28.00$c35\0$e01-jan-2019$fGBP28.00$g0$hP$5Uk
=ACF  \\$aPrevious Copyright Fee: GBP32.00$c35\0$e01-jan-2020$fGBP32.00$g0$hP$5Uk
=ACF  \\$aPrevious copyright fee: GBP46.00$c35\0$e01-jan-2022$fGBP46.00$g0$hP$5Uk
=CAT  \\$aCONV$b00$c20040425$lBLL90$h0712
=CAT  \\$aW1805-0471$c20180520$lBLL01$h1137
=CAT  \\$aBATCH-UPD$b00$c20181121$lBLL01$h1620
=CAT  \\$aIPL-CLA$c20181231$lBLL01$h1539
=CAT  \\$aR1911-0245$c20191127$lBLL01$h0945
=CAT  \\$aR1911-0245$c20191127$lBLL01$h1045
=CAT  \\$a5552$b40$c20191209$lBLL01$h1303
=CAT  \\$aIPL-CLA$c20191231$lBLL01$h1922
=CAT  \\$aW2111-0842$c20211209$lBLL01$h1035
=CAT  \\$aIPL-CLA$c20211231$lBLL01$h1541
=CAT  \\$a10806$b40$c20220809$lBLL01$h0912
=CAT  \\$a10806$b40$c20220822$lBLL01$h1523
=CAT  \\$a5410$b40$c20221220$lBLL01$h0908
=CAT  \\$a8055$b40$c20221230$lBLL01$h1343
=CAT  \\$aIPL-CLA$c20221231$lBLL01$h1444
=CAT  \\$a10969$b40$c20230127$lBLL01$h1414
=CAT  \\$a10969$b40$c20230127$lBLL01$h1525
=CAT  \\$a10806$b40$c20230202$lBLL01$h1213
=CAT  \\$a10983$b40$c20230207$lBLL01$h1138
=CAT  \\$a10969$b40$c20230209$lBLL01$h1655
=CAT  \\$aS2302-1302$c20230322$lBLL01$h1708
=CAT  \\$aS2302-1302$c20230323$lBLL01$h1444
=CAT  \\$aIPL-CLA$c20230331$lBLL01$h1546
=CAT  \\$aS2304-0519$c20230412$lBLL01$h1139
=CAT  \\$aBATCH-SUPP$c20230426$lBLL01$h1108
=CAT  \\$a12654$b40$c20230706$lBLL01$h0828
=CFI  0\$aCurrent Copyright Fee: GBP48.00$c29\0$e01-apr-2023$fGBP48.00$g0$hP$5Uk
=CFI  2\$aPrevious Copyright fee: GBP34.00$c29\0$e01-jan-2023$fGBP34.00$g0$hP$5Uk
=EST  \\$a1
=FFP  \\$aY$bBLDSS-3PM
=FIN  \\$aY
=FMT  \\$a  SE
=LAS  \\$a12654$b40$c20230706$lBLL01$h0828
=LEO  \\$aMP22.0000051904
=LEO  \\$aMP10.0000629561
=LET  \0$aBritish journal of dermatology (Electronic)
=LKR  \\$aPAR$b009556415$lBLL01$r776$mBritish journal of dermatology (Online)$nBritish journal of dermatology (Print)
=MNI  \\$a0007-0963
=SRC  \\$aISN01$bbibmp22.200404.2.aa
=SRC  \\$aDSS01$bbibmp10.200404.2.aa
=TCO  \\$aCLA$bCLA$c008
=TOC  \\$aETOC
=UNO  \\$aY

