=LDR  06078cas a2201345 a 4500
=001  012432306
=003  Uk
=005  20230426110813.0
=007  cr\|||||||||||
=008  000225c19439999enkqr\p\o\\\\\0\\\a0eng\c
=010  \\$a  2005266581
=015  \\$aGBB409974$2bnb
=019  c\$a102038727
=022  0\$a1471-8391$l0007-1420$y0007-1420$202
=035  \\$a(OCoLC)43524379
=037  \\$abrimed$bOxford University Press
=037  3\$aISSN_00071420$bPortico$nOxford University Press
=040  \\$aOCoLC$beng$cOCoLC$dOCoLC$dPPiU$dOCoLC$dGU$dOCoLC$dNBuU$dOCoLC$dDNAL$dUk
=042  \\$aissnuk$aukblsr
=050  \4$aR31
=060  \4$aW1$bBR687
=070  0\$aR31$b.B75
=082  04$a610.5$223
=130  0\$aBritish medical bulletin (Online)
=210  0\$aBr. med. bull.$b(Online)
=222  \0$aBritish medical bulletin$b(Online)
=245  10$aBritish medical bulletin$h[electronic resource].
=264  \1$a[London] :$b[Medical Dept., British Council]
=264  21$a[London] :$bRoyal Society of Medicine Press
=264  31$32001-$aOxford :$bOxford University Press
=310  \\$aQuarterly,$b1987-
=321  \\$aThree times a year
=336  \\$atext$2rdacontent
=337  \\$acomputer$2rdamedia
=338  \\$aonline resource$2rdacarrier
=362  1\$aPrint began with v. 1, no. 1 (Mar. 1943).
=515  \\$aPrior to 2001, each vol. consisted of four numbers. Beginning with v. 57 (2001)- each number represents one vol., with four vols. issued per year.
=515  \\$aSome issues combined.
=530  \\$aAlso issued on microfilm.
=540  \\$aCurrent Copyright Fee: GBP42.00$c29\0$5Uk
=550  \\$aPublication of the British Council.
=588  \\$aDescription based on: Vol. 55, no. 3 (1999); title from journal information screen (viewed Feb. 21, 2000).
=588  \\$aLatest issue consulted: volume 108, issue 1 (December 2013) (Oxford Journals, viewed January 28, 2014).
=650  \0$aMedicine$vPeriodicals.
=710  2\$aBritish Council.$bMedical Department.
=776  08$iPrint version:$tBritish medical bulletin$x0007-1420
=852  41$aBritish Library$bHMNTS$jELD Digital store$3Volume 110:Issue 1(2014)-***Previous issues available in print copy
=852  41$aBritish Library$bDSC$j2329.000000$32001 VOL 57 PART 1-Volume 99:Part 1(2011)***See ESTAR for full holdings.
=856  \\$31850-9999$uhttp://ukcatalogue.oup.com/$xBLDSS
=856  4\$uhttp://firstsearch.oclc.org$zAddress for accessing the journal using authorization number and password through OCLC FirstSearch Electronic Collections Online
=856  4\$uhttp://www.ingentaconnect.com/content/rsm/bmb$zLink no longer available as of July 28, 2011:
=856  40$uhttp://bmb.oxfordjournals.org
=856  40$uhttp://gateway.ovid.com/ovidweb.cgi?T=JS&MODE=ovid&PAGE=toc&D=ovft&AN=00002417-000000000-00000
=859  \\$aXLD$bejournal$cSFX
=859  \\$aELD$bejournal
=945  \\$aBRITISH MEDICAL BULLETIN
=959  \\$fCurrently available
=963  \\$aCA/M-7 VOL. 57, 2001- *A=1 SEE ALSO P300.A.11$bY
=964  \\$aVOL. 1, 1943- *A=1$c61$dQ$eTG3936
=979  \\$aBritish Library$bDSC$j2329.000000
=985  \\$aCorrected by BSS-generated file for WR# 08/157
=A02  \\$a102038727
=ACF  \\$aPrevious copyright fee: GBP15.00$c29\0$e01-jan-2004$fGBP15.00$g0$hP$5Uk
=ACF  \\$aCurrent copyright fee: GBP10.00$c29\0$e01-apr-2002$fGBP10.00$g0$hP$5Uk
=ACF  \\$aCurrent copyright fee: GBP10.00$c0$e01-jul-2001$fGBP10.00$g0$hC$5Uk
=ACF  \\$aPrevious copyright fee: GBP16.00$c29\0$e01-jan-2006$fGBP16.00$g0$hP$5Uk
=ACF  \\$aPrevious copyright fee: GBP18.00$c29\0$e01-jan-2008$fGBP18.00$g0$hP$5Uk
=ACF  \\$aPrevious copyright fee: GBP20.00$c29\0$e01-jan-2013$fGBP20.00$g0$hP$5Uk
=ACF  \\$aPrevious copyright fee: GBP23.00$c29\0$e01-jan-2015$fGBP23.00$g0$hP$5Uk
=ACF  \\$aPrevious copyright fee: GBP24.00$c29\0$e01-jan-2016$fGBP24.00$g0$hP$5Uk
=ACF  \\$aPrevious copyright fee: GBP26.00$c29\0$e01-jan-2017$fGBP26.00$g0$hP$5Uk
=ACF  \\$aPrevious copyright fee: GBP27.00$c29\0$e01-jan-2018$fGBP27.00$g0$hP$5Uk
=ACF  \\$aPrevious copyright fee: GBP28.00$c29\0$e01-jan-2019$fGBP28.00$g0$hP$5Uk
=ACF  \\$aPrevious Copyright Fee: GBP29.00$c29\0$e01-jan-2020$fGBP29.00$g0$hP$5Uk
=CAT  \\$aCONV$b00$c20040425$lBLL90$h0712
=CAT  \\$aBLDSS-3PM$b00$c20141208$lBLL01$h1624
=CAT  \\$aIPL-CLA$c20141231$lBLL01$h1650
=CAT  \\$aBATCH-UPD$b00$c20151119$lBLL01$h1551
=CAT  \\$aIPL-CLA$c20151231$lBLL01$h1918
=CAT  \\$aBATCH-UPD$b00$c20160524$lBLL01$h2209
=CAT  \\$aBATCH-UPD$b00$c20160525$lBLL01$h0012
=CAT  \\$aBATCH-UPD$b00$c20161122$lBLL01$h1520
=CAT  \\$aIPL-CLA$c20161230$lBLL01$h2113
=CAT  \\$aBATCH-UPD$b00$c20171121$lBLL01$h1703
=CAT  \\$aW1711-1005$c20171206$lBLL01$h1815
=CAT  \\$aIPL-CLA$c20171231$lBLL01$h1623
=CAT  \\$aBATCH-UPD$b00$c20181217$lBLL01$h1651
=CAT  \\$aIPL-CLA$c20181231$lBLL01$h1539
=CAT  \\$aW1910-0530$c20191007$lBLL01$h1114
=CAT  \\$aR1911-1518$c20191206$lBLL01$h1406
=CAT  \\$aIPL-CLA$c20191231$lBLL01$h1922
=CAT  \\$aBATCH-UPD$b00$c20220308$lBLL01$h1727
=CAT  \\$aIPL-CLA$c20220331$lBLL01$h1951
=CAT  \\$a12654$b40$c20230123$lBLL01$h1117
=CAT  \\$aS2302-1302$c20230322$lBLL01$h1707
=CAT  \\$aS2302-1302$c20230322$lBLL01$h1708
=CAT  \\$aS2302-1302$c20230323$lBLL01$h1443
=CAT  \\$aIPL-CLA$c20230331$lBLL01$h1546
=CAT  \\$aS2304-0519$c20230412$lBLL01$h1139
=CAT  \\$aBATCH-SUPP$c20230426$lBLL01$h1108
=CFI  0\$aCurrent Copyright Fee: GBP42.00$c29\0$e01-apr-2023$fGBP42.00$g0$hP$5Uk
=CFI  2\$aPrevious copyright fee: GBP32.00$c29\0$e01-apr-2022$fGBP32.00$g0$hP$5Uk
=EST  \\$a1
=FFP  \\$aY$bBLDSS-3PM
=FIN  \\$aY
=FMT  \\$a  SE
=LAS  \\$aBATCH-SUPP$b00$c20230426$lBLL01$h1108
=LEO  \\$aMP10.0000629576
=MIS  \\$ak-sep
=MNI  \\$a0007-1420
=SRC  \\$aBLL02
=SRC  \\$aDSS01$bbibmp10.200404.2.aa
=TCO  \\$aCLA$bCLA$c008
=TOC  \\$aETOC
=UNO  \\$aY

