=LDR  05774cas a2201261 a 4500
=001  012432323
=003  Uk
=005  20230426110813.0
=007  cr\|||||||||||
=008  990727c19779999enkbr\p\o\\\\\0\\\a0eng\c
=010  \\$a00238244
=015  \\$aGBB410007$2bnb
=019  c\$a102046399
=022  0\$a1464-3545$l0309-166X$y0309-166X$202
=035  \\$a(OCoLC)41964126
=037  \\$acameco$bOxford University Press
=037  3\$aISSN_0309166X$bPortico$nOxford University Press
=040  \\$aOUN$beng$cOUN$dOCL$dIUL$dEYM$dOCLCQ$dIUL$dOCLCQ$dMUQ$dOCLCQ$dOCLCO$dOCLCQ$dOCLCF$dUk
=042  \\$aissnuk$aukblsr
=050  \4$aHB1$b.C28
=082  04$a330$222
=130  0\$aCambridge journal of economics (Online)
=222  \0$aCambridge journal of economics$b(Online)
=245  10$aCambridge journal of economics$h[electronic resource].
=264  \1$a[London] :$b[Academic Press for the Cambridge Political Economy Society]
=264  31$a[Oxford] :$bOxford University Press
=310  \\$aBimonthly,$b1994-
=321  \\$aQuarterly,$b1977-1993
=336  \\$atext$2rdacontent
=337  \\$acomputer$2rdamedia
=338  \\$aonline resource$2rdacarrier
=362  1\$aPrint began with vol. 1, no. 1 (Mar. 1977).
=500  \\$aTable of contents and abstracts for 1996- also available online.
=540  \\$aCurrent Copyright Fee: GBP32.00$c29\0$5Uk
=550  \\$aPublished on behalf of the Cambridge Political Economy Society.
=588  \\$aDescription based on: Vol. 22, issue 5 (Sept. 1998); title from introductory page, viewed June 7, 2002.
=588  \\$aLatest issue consulted: volume 38, issue 1 (January 2014) (Oxford Journals, viewed January 28, 2014).
=650  \0$aEconomics$vPeriodicals.
=650  \0$aEconomic history$vPeriodicals.
=690  7\$aManagement and Business Studies$2blcoll
=710  2\$aCambridge Political Economy Society.
=770  0\$tInternational contributions to labour studies
=776  08$iAlso issued in print as:$tCambridge journal of economics$x0309-166X
=852  41$aBritish Library$bHMNTS$jELD Digital store$3Volume 38:Number 1(2014)-***Previous issues available in print copy
=852  41$aBritish Library$bDSC$j3015.956000$3jan-2000 VOL 24 NUMB 1-Volume 35:Issue 6(2011)***See ESTAR for full holdings.
=856  \\$31850-9999$uhttp://ukcatalogue.oup.com/$xBLDSS
=856  40$uhttp://cje.oupjournals.org
=856  40$uhttp://cje.oxfordjournals.org
=856  40$uhttp://firstsearch.oclc.org$zAddress for accessing the journal using authorization number and password through OCLC FirstSearch Electronic Collections Online
=859  \\$aXLD$bejournal$cSFX
=859  \\$aELD$bejournal
=945  \\$aCambridge journal of economics
=959  \\$fCurrently available
=979  \\$aBritish Library$bDSC$j3015.956000
=985  \\$aCorrected by MS generated file for WR# 12.018
=A02  \\$a102046399
=ACF  \\$aPrevious copyright fee: GBP15.00$c29\0$e01-jan-2004$fGBP15.00$g0$hP$5Uk
=ACF  \\$aCurrent copyright fee: GBP10.00$c29\0$e01-apr-2002$fGBP10.00$g0$hP$5Uk
=ACF  \\$aCurrent copyright fee: GBP10.00 British Library not licensed to FAX$c0$e01-jul-2000$fGBP10.00$g0$hC$iFAX is CLA-excluded$5Uk
=ACF  \\$aPrevious copyright fee: GBP16.00$c29\0$e01-jan-2006$fGBP16.00$g0$hP$5Uk
=ACF  \\$aPrevious copyright fee: GBP18.00$c29\0$e01-jan-2008$fGBP18.00$g0$hP$5Uk
=ACF  \\$aPrevious copyright fee: GBP20.00$c29\0$e01-jan-2013$fGBP20.00$g0$hP$5Uk
=ACF  \\$aPrevious copyright fee: GBP16.00$c29\0$e01-jan-2015$fGBP16.00$g0$hP$5Uk
=ACF  \\$aPrevious copyright fee: GBP17.00$c29\0$e01-jan-2016$fGBP17.00$g0$hP$5Uk
=ACF  \\$aPrevious copyright fee: GBP18.00$c29\0$e01-jan-2017$fGBP18.00$g0$hP$5Uk
=ACF  \\$aPrevious copyright fee: GBP19.00$c29\0$e01-jan-2018$fGBP19.00$g0$hP$5Uk
=ACF  \\$aPrevious copyright fee: GBP20.00$c29\0$e01-jan-2019$fGBP20.00$g0$hP$5Uk
=ACF  \\$aPrevious Copyright Fee: GBP20.00$c29\0$e01-jan-2020$fGBP20.00$g0$hP$5Uk
=CAT  \\$aCONV$b00$c20040425$lBLL90$h0712
=CAT  \\$aIPL-CLA$c20151231$lBLL01$h1918
=CAT  \\$aBATCH-UPD$b00$c20160524$lBLL01$h2209
=CAT  \\$aBATCH-UPD$b00$c20160525$lBLL01$h0012
=CAT  \\$aBATCH-UPD$b00$c20161122$lBLL01$h1516
=CAT  \\$aIPL-CLA$c20161230$lBLL01$h2113
=CAT  \\$aBATCH-UPD$b00$c20171121$lBLL01$h1659
=CAT  \\$aW1711-1005$c20171206$lBLL01$h1815
=CAT  \\$aIPL-CLA$c20171231$lBLL01$h1623
=CAT  \\$aBATCH-UPD$b00$c20181217$lBLL01$h1654
=CAT  \\$aIPL-CLA$c20181231$lBLL01$h1539
=CAT  \\$a5410$b40$c20190829$lBLL01$h0911
=CAT  \\$aW1910-0530$c20191007$lBLL01$h1114
=CAT  \\$aR1911-1518$c20191206$lBLL01$h1419
=CAT  \\$aIPL-CLA$c20191231$lBLL01$h1922
=CAT  \\$a5410$b40$c20200109$lBLL01$h1410
=CAT  \\$aBATCH-UPD$b40$c20220308$lBLL01$h1734
=CAT  \\$aIPL-CLA$c20220331$lBLL01$h1951
=CAT  \\$a5410$b40$c20221007$lBLL01$h0924
=CAT  \\$a12654$b40$c20230123$lBLL01$h1141
=CAT  \\$aS2302-1302$c20230322$lBLL01$h1707
=CAT  \\$aS2302-1302$c20230322$lBLL01$h1708
=CAT  \\$aS2302-1302$c20230323$lBLL01$h1443
=CAT  \\$aIPL-CLA$c20230331$lBLL01$h1546
=CAT  \\$aS2304-0519$c20230412$lBLL01$h1139
=CAT  \\$aBATCH-SUPP$c20230426$lBLL01$h1108
=CFI  0\$aCurrent Copyright Fee: GBP32.00$c29\0$e01-apr-2023$fGBP32.00$g0$hP$5Uk
=CFI  2\$aPrevious copyright fee: GBP22.00$c29\0$e01-apr-2022$fGBP22.00$g0$hP$5Uk
=EST  \\$a1
=FFP  \\$aY$bBLDSS-3PM
=FIN  \\$aY
=FMT  \\$a  SE
=LAS  \\$aBATCH-SUPP$b00$c20230426$lBLL01$h1108
=LEO  \\$aMP10.0000629593
=MNI  \\$a0309-166X
=SID  \\$aZ39$bOCLC
=SRC  \\$aDSS01$bbibmp10.200404.2.aa
=TCO  \\$aCLA$bCLA$c008
=TOC  \\$aETOC
=UNO  \\$aY

