=LDR  05455cas a2201273 a 4500
=001  012432324
=003  Uk
=005  20230426110813.0
=006  m\\\\\\\\d\\\\\\\\
=007  cr\|||||||||||
=008  010507c19659999enkqr\pss\\\\\0\\\a0eng\c
=010  \\$a2007233373
=015  \\$aGBB409397$2bnb
=016  7\$a002557772$2IsJJNL
=019  c\$a102046417
=022  0\$a1471-6836$202
=035  \\$a(WaSeSS)ssj0007488
=035  \\$a(WaSeSS)ocm00000001ssj0007488
=035  \\$a(UK-CovUW)b17379817
=037  \\$acamquj$bOxford University Press
=037  3\$aISSN_0008199X$bPortico$nOxford University Press
=038  \\$aOCoLC
=040  \\$aNBuU$beng$cNBuU$dOCoLC$dCaQMU$dNcCU$dGU$dUkCU$dAUD$dJ9U$dCNTRU$dOCoLC$dTxCaW$dOCoLC$dDNAL$dWaSeSS$dUk
=042  \\$aissnuk$aukblsr
=050  \4$aAS121
=070  0\$aPN80$b.C36
=082  04$a809$223
=130  0\$aCambridge quarterly (Online)
=222  \0$aCambridge quarterly$b(Online)
=245  14$aThe Cambridge quarterly$h[electronic resource].
=260  \\$aCambridge, England :$bCambridge Quarterly Association,$c[1966]-
=260  3\$aOxford :$bOxford University Press
=310  \\$aQuarterly
=336  \\$atext$2rdacontent
=337  \\$acomputer$2rdamedia
=338  \\$aonline resource$2rdacarrier
=362  1\$aPrint began with vol. 1, no. 1 (winter 1965/6).
=540  \\$aCurrent Copyright Fee: GBP32.00$c29\0$5Uk
=588  \\$aDescription based on: Vol. 25, issue 1 (1996); title from contents screen (Oxford Journals, viewed Aug. 9, 2007).
=588  \\$aLatest issue consulted: volume 42, number 4 (2013) (Oxford journals, viewed January 23, 2014).
=650  \0$aLiterature$xHistory and criticism$vPeriodicals.
=650  \0$aLiterature$vPeriodicals.
=776  08$iAlso issued in print as:$tCambridge quarterly$x0008-199X
=852  41$aBritish Library$bHMNTS$jELD Digital store$3Volume 43:Number 1(2014)-***Previous issues available in print copy
=852  41$aBritish Library$bDSC$j3015.975000$32001 VOL 30 PART 1-Volume 43:Issue 3(2014)***See ESTAR for full holdings.
=856  \\$31850-9999$uhttp://ukcatalogue.oup.com/$xBLDSS
=856  40$uhttp://camqtly.oxfordjournals.org/
=859  \\$aXLD$bejournal$cSFX
=859  \\$aELD$bejournal
=945  \\$aCAMBRIDGE QUARTERLY.
=959  \\$fCurrently available
=959  \\$aBritish Library$bDSC$j3015.975000
=963  \\$aVOL. 1, 1965- *A=1$bY$cP900.C.157
=A02  \\$a102046417
=ACF  \\$aPrevious copyright fee: GBP12.00$c29\0$e01-jan-2004$fGBP12.00$g0$hP$5Uk
=ACF  \\$aCurrent copyright fee: GBP8.00$c29\0$e01-apr-2002$fGBP8.00$g0$hP$5Uk
=ACF  \\$aCurrent copyright fee: GBP8.00$c0$e01-jul-2000$fGBP8.00$g0$hC$5Uk
=ACF  \\$aPrevious copyright fee: GBP13.00$c29\0$e01-jan-2006$fGBP13.00$g0$hP$5Uk
=ACF  \\$aPrevious copyright fee: GBP14.00$c29\0$e01-jan-2008$fGBP14.00$g0$hP$5Uk
=ACF  \\$aPrevious copyright fee: GBP20.00$c29\0$e01-jan-2013$fGBP20.00$g0$hP$5Uk
=ACF  \\$aPrevious copyright fee: GBP16.00$c29\0$e01-jan-2015$fGBP16.00$g0$hP$5Uk
=ACF  \\$aPrevious copyright fee: GBP17.00$c29\0$e01-jan-2016$fGBP17.00$g0$hP$5Uk
=ACF  \\$aPrevious copyright fee: GBP18.00$c29\0$e01-jan-2017$fGBP18.00$g0$hP$5Uk
=ACF  \\$aPrevious copyright fee: GBP19.00$c29\0$e01-jan-2018$fGBP19.00$g0$hP$5Uk
=ACF  \\$aPrevious copyright fee: GBP20.00$c29\0$e01-jan-2019$fGBP20.00$g0$hP$5Uk
=ACF  \\$aPrevious Copyright Fee: GBP20.00$c29\0$e01-jan-2020$fGBP20.00$g0$hP$5Uk
=CAT  \\$aCONV$b00$c20040425$lBLL90$h0712
=CAT  \\$aBATCH-UPD$b00$c20151119$lBLL01$h1553
=CAT  \\$aBATCH-UPD$b00$c20151119$lBLL01$h1554
=CAT  \\$aBATCH-UPD$b00$c20151213$lBLL01$h1327
=CAT  \\$aIPL-CLA$c20151231$lBLL01$h1918
=CAT  \\$aBATCH-UPD$b00$c20160524$lBLL01$h2209
=CAT  \\$aBATCH-UPD$b00$c20160525$lBLL01$h0012
=CAT  \\$aBATCH-UPD$b00$c20161122$lBLL01$h1516
=CAT  \\$aIPL-CLA$c20161230$lBLL01$h2113
=CAT  \\$aBATCH-UPD$b00$c20171121$lBLL01$h1659
=CAT  \\$aW1711-1005$c20171206$lBLL01$h1815
=CAT  \\$aIPL-CLA$c20171231$lBLL01$h1623
=CAT  \\$aBATCH-UPD$b00$c20181217$lBLL01$h1654
=CAT  \\$aIPL-CLA$c20181231$lBLL01$h1539
=CAT  \\$aW1910-0530$c20191007$lBLL01$h1114
=CAT  \\$aR1911-1518$c20191206$lBLL01$h1419
=CAT  \\$aIPL-CLA$c20191231$lBLL01$h1922
=CAT  \\$aBATCH-UPD$b00$c20220308$lBLL01$h1734
=CAT  \\$aIPL-CLA$c20220331$lBLL01$h1951
=CAT  \\$a12654$b40$c20230123$lBLL01$h1156
=CAT  \\$aS2302-1302$c20230322$lBLL01$h1707
=CAT  \\$aS2302-1302$c20230322$lBLL01$h1708
=CAT  \\$aS2302-1302$c20230323$lBLL01$h1443
=CAT  \\$aIPL-CLA$c20230331$lBLL01$h1546
=CAT  \\$aS2304-0519$c20230412$lBLL01$h1139
=CAT  \\$aBATCH-SUPP$c20230426$lBLL01$h1108
=CFI  0\$aCurrent Copyright Fee: GBP32.00$c29\0$e01-apr-2023$fGBP32.00$g0$hP$5Uk
=CFI  2\$aPrevious copyright fee: GBP22.00$c29\0$e01-apr-2022$fGBP22.00$g0$hP$5Uk
=EST  \\$a1
=FFP  \\$aY$bBLDSS-3PM
=FIN  \\$aY
=FMT  \\$a  SE
=LAS  \\$aBATCH-SUPP$b00$c20230426$lBLL01$h1108
=LEO  \\$aMP22.0000065028
=LEO  \\$aMP10.0000629594
=LKR  \\$aPAR$b009542489$lBLL01$nCambridge quarterly (Print)$mCambridge quarterly (Online)$r776
=MNI  \\$a0008-199X
=SID  \\$aZ39$bRLUK
=SRC  \\$aISN01$bbibmp22.200404.2.aa
=SRC  \\$aDSS01$bbibmp10.200404.2.aa
=TCO  \\$aCLA$bCLA$c008
=TOC  \\$aETOC
=UNO  \\$aY

