=LDR  05583cas a2201285 a 4500
=001  012432339
=003  Uk
=005  20230426110813.0
=006  m\\\\\\\\d\\\\\\\\
=007  cr||||||||||||
=008  980722c19809999enkmr\p\o\\\\\0\\\a0eng\d
=010  \\$a  2007233374
=015  \\$aGBB411343$2bnb
=019  c\$a102047250
=022  0\$a1460-2180$y0143-3334$202
=030  \\$aCRNGDP
=035  \\$a(OCoLC)39525580
=037  \\$acarcin$bOxford University Press
=037  3\$aISSN_01433334$bPortico$nOxford University Press
=040  \\$aTxHMC$cTxHMC$dOCoLC$dOCoLC$dNBuU-H$dOCoLC$dGU$dUk
=042  \\$aissnuk$aukblsr
=050  14$aRC268.5
=082  04$a616.994071$223
=130  0\$aCarcinogenesis (Online)
=210  0\$aCarcinogenesis$b(N.Y., Online)
=222  \0$aCarcinogenesis$b(New York. Online)
=245  10$aCarcinogenesis$h[electronic resource].
=246  13$aCarcinogenesis :$bintegrative cancer research,$f<2013>-
=264  \1$a[New York] ;$a[London] :$b[IRL Press]
=264  31$aOxford :$bOxford University Press
=310  \\$aMonthly
=336  \\$atext$2rdacontent
=337  \\$acomputer$2rdamedia
=338  \\$aonline resource$2rdacarrier
=362  1\$aPrint began wiht vol. 1, no. 1 (Jan. 1980).
=500  \\$aDescription based on: Vol. 17, no. 1 (Jan. 1996); title from pdf of cover (Oxford Journals, viewed Aug. 13, 2007).
=500  \\$aLatest issue consulted: volume 35 number 1 (January 2014) (Oxford Journals, viewed January 29, 2014).
=540  \\$aCurrent Copyright Fee: GBP42.00$c29\0$5Uk
=650  \0$aCarcinogenesis$vPeriodicals.
=650  \0$aCancer$xGenetic aspects$vPeriodicals.
=650  \0$aCancer$xPrevention$vPeriodicals.
=650  \0$aCancer$vPeriodicals.
=776  08$iPrint version:$tCarcinogenesis$x0143-3334
=852  41$aBritish Library$bHMNTS$jELD Digital store$3Volume 20:Number 9(1999:Sep.)-***Previous issues available in print copy
=852  41$aBritish Library$bDSC$j3051.007000$3Volume 20:Issue 9(1999)-Volume 32:Issue 12(2011)***See ESTAR for full holdings.
=856  \\$31850-9999$uhttp://ukcatalogue.oup.com/$xBLDSS
=856  4\$uhttp://firstsearch.oclc.org$zAddress for accessing the journal using authorization number and password through OCLC FirstSearch Electronic Collections Online
=856  40$uhttp://carcin.oupjournals.org
=856  40$uhttp://carcin.oxfordjournals.org
=856  40$uhttp://www.ingenta.com/journals/browse/oup/carcin?mode=direct
=859  \\$aXLD$bejournal$cSFX
=859  \\$aELD$bejournal
=945  \\$aCarcinogenesis -Oxford-
=959  \\$fCurrently available
=979  \\$aBritish Library$bDSC$j3051.007000
=A02  \\$a102047250
=ACF  \\$aPrevious copyright fee: GBP15.00$c29\0$e01-jan-2004$fGBP15.00$g0$hP$5Uk
=ACF  \\$aCurrent copyright fee: GBP10.00$c29\0$e01-apr-2002$fGBP10.00$g0$hP$5Uk
=ACF  \\$aCurrent copyright fee: GBP13.00$c0$e01-jul-2001$fGBP13.00$g0$hC$5Uk
=ACF  \\$aPrevious Copyright Fee: GBP16.00$c29\0$e01-jan-2006$fGBP16.00$g0$hP$5Uk
=ACF  \\$aPrevious copyright fee: GBP18.00$c29\0$e01-jan-2008$fGBP18.00$g0$hP$5Uk
=ACF  \\$aPrevious copyright fee: GBP20.00$c29\0$e01-jan-2013$fGBP20.00$g0$hP$5Uk
=ACF  \\$aPrevious copyright fee: GBP23.00$c29\0$e01-jan-2015$fGBP23.00$g0$hP$5Uk
=ACF  \\$aPrevious copyright fee: GBP24.00$c29\0$e01-jan-2016$fGBP24.00$g0$hP$5Uk
=ACF  \\$aPrevious copyright fee: GBP26.00$c29\0$e01-jan-2017$fGBP26.00$g0$hP$5Uk
=ACF  \\$aPrevious copyright fee: GBP27.00$c29\0$e01-jan-2018$fGBP27.00$g0$hP$5Uk
=ACF  \\$aPrevious copyright fee: GBP28.00$c29\0$e01-jan-2019$fGBP28.00$g0$hP$5Uk
=ACF  \\$aPrevious Copyright Fee: GBP29.00$c29\0$e01-jan-2020$fGBP29.00$g0$hP$5Uk
=CAT  \\$aCONV$b00$c20040425$lBLL90$h0712
=CAT  \\$aBLDSS-3PM$b00$c20141208$lBLL01$h1624
=CAT  \\$aIPL-CLA$c20141231$lBLL01$h1650
=CAT  \\$aBATCH-UPD$b00$c20151119$lBLL01$h1551
=CAT  \\$aIPL-CLA$c20151231$lBLL01$h1918
=CAT  \\$aBATCH-UPD$b00$c20160524$lBLL01$h2209
=CAT  \\$aBATCH-UPD$b00$c20160525$lBLL01$h0012
=CAT  \\$aBATCH-UPD$b00$c20161122$lBLL01$h1520
=CAT  \\$aIPL-CLA$c20161230$lBLL01$h2113
=CAT  \\$aBATCH-UPD$b00$c20171121$lBLL01$h1703
=CAT  \\$aW1711-1005$c20171206$lBLL01$h1815
=CAT  \\$aIPL-CLA$c20171231$lBLL01$h1623
=CAT  \\$aBATCH-UPD$b00$c20181217$lBLL01$h1651
=CAT  \\$aIPL-CLA$c20181231$lBLL01$h1539
=CAT  \\$aW1910-0530$c20191007$lBLL01$h1114
=CAT  \\$aR1911-1518$c20191206$lBLL01$h1405
=CAT  \\$aIPL-CLA$c20191231$lBLL01$h1922
=CAT  \\$aBATCH-UPD$b00$c20220308$lBLL01$h1727
=CAT  \\$aIPL-CLA$c20220331$lBLL01$h1951
=CAT  \\$a12654$b40$c20230123$lBLL01$h1222
=CAT  \\$aS2302-1302$c20230322$lBLL01$h1707
=CAT  \\$aS2302-1302$c20230322$lBLL01$h1708
=CAT  \\$aS2302-1302$c20230323$lBLL01$h1443
=CAT  \\$aIPL-CLA$c20230331$lBLL01$h1546
=CAT  \\$aS2304-0519$c20230412$lBLL01$h1139
=CAT  \\$aBATCH-SUPP$c20230426$lBLL01$h1108
=CFI  0\$aCurrent Copyright Fee: GBP42.00$c29\0$e01-apr-2023$fGBP42.00$g0$hP$5Uk
=CFI  2\$aPrevious copyright fee: GBP32.00$c29\0$e01-apr-2022$fGBP32.00$g0$hP$5Uk
=EST  \\$a1
=FFP  \\$aY$bBLDSS-3PM
=FIN  \\$aY
=FMT  \\$a  SE
=LAS  \\$aBATCH-SUPP$b00$c20230426$lBLL01$h1108
=LEO  \\$aMP10.0000629609
=LEO  \\$aMP22.0000056192
=MNI  \\$a0143-3334
=SRC  \\$aBLL02
=SRC  \\$aISN01$bbibmp22.200404.2.aa
=SRC  \\$aDSS01$bbibmp10.200404.2.aa
=TCO  \\$aCLA$bCLA$c008
=TOC  \\$aETOC
=UNO  \\$aY

