=LDR  05922cas a2201321 a 4500
=001  012432377
=003  Uk
=005  20230426110813.0
=006  m\\\\\\\\d\\\\\\\\
=007  cr\|||||||||||
=008  980722c19919999enkmr\p\o\\\\\0\\\a0eng\c
=010  \\$a2011250841
=015  \\$aGBB411363$2bnb
=019  c\$a102449325
=022  0\$a1460-2199$l1047-3211$y1047-3211$202
=035  \\$a(OCoLC)39525723$z(OCoLC)49384810$z(OCoLC)466444558
=037  \\$acercor$bOxford University Press
=037  3\$aISSN_10473211$bPortico$nOxford University Press
=040  \\$aTMC$beng$cTMC$dOCL$dMYG$dEYM$dOCLCQ$dSBH$dOCLCQ$dCIT$dOCLCQ$dHEBIS$dBUF$dCUD$dHTM$dOCLCQ$dOCLCF$dUk
=042  \\$aukblsr$aissnuk
=050  14$aQP383
=060  \4$aW1$bCE569V
=082  04$a612.825$223
=130  0\$aCerebral cortex (New York, N.Y. : 1991 : Online)
=210  0\$aCereb. cortex$b(N.Y. N.Y. 1991. Online)
=222  \0$aCerebral cortex$b(New York, N.Y. 1991. Online)
=245  10$aCerebral cortex$h[electronic resource].
=260  \\$aNew York :$bOxford University Press
=310  \\$aMonthly,$b2000-
=321  \\$aEight issues yearly,$b1997-1999
=321  \\$aBimonthly,$b1991-1996
=336  \\$atext$2rdacontent
=337  \\$acomputer$2rdamedia
=338  \\$aonline resource$2rdacarrier
=362  1\$aBegan with: v. 1, no. 1 (Jan./Feb. 1991).
=500  \\$aPublished: Cary, <1996>- ; Oxford, <Jan. 2014>-
=525  \\$aSome issues accompanied by supplements.
=540  \\$aCurrent Copyright Fee: GBP42.00$c29\0$5Uk
=588  \\$aDescription based on v. 1, no. 1 (Jan./Feb. 1991); title from journal homepage (Oxford journals, viewed July 27, 2011).
=588  \\$aLatest issue consulted: v24, n2 (February 2014) (Oxford Journals, viewed January 29, 2014).
=650  \0$aCerebral cortex$vPeriodicals.
=650  \0$aBrain$vPeriodicals.
=776  08$iPrint version$tCerebral cortex (New York, N.Y. : 1991)$x1047-3211
=787  0\$tCerebral cortex communications$x2632-7376
=852  41$aBritish Library$bHMNTS$jELD Digital store$3Volume 24:Number 1(2014:Jan.)-***Previous issues available in print copy
=852  41$aBritish Library$bDSC$j3120.027550$3jan-2000 VOL 10 PART 1-Volume 21:Issue 12(2011)***See ESTAR for full holdings.
=856  \\$31850-9999$uhttp://ukcatalogue.oup.com/$xBLDSS
=856  4\$uhttp://firstsearch.oclc.org$zAddress for accessing the journal using authorization number and password through OCLC FirstSearch Electronic Collections Online
=856  40$uhttp://cercor.oupjournals.org
=856  40$uhttp://cercor.oxfordjournals.org
=856  40$uhttp://www.ncbi.nlm.nih.gov/pmc/?term=%22Cereb
=859  \\$aXLD$bejournal$cSFX
=859  \\$aELD$bejournal
=945  \\$aCerebral cortex -New York- Oxford University Press-
=959  \\$fCurrently available
=979  \\$aBritish Library$bDSC$j3120.027550
=A02  \\$a102449325
=ACF  \\$aPrevious copyright fee: GBP15.00$c29\0$e01-jan-2004$fGBP15.00$g0$hP$5Uk
=ACF  \\$aCurrent copyright fee: GBP10.00$c29\0$e01-apr-2002$fGBP10.00$g0$hP$5Uk
=ACF  \\$aCurrent copyright fee: GBP13.00$c0$e01-jul-2001$fGBP13.00$g0$hC$5Uk
=ACF  \\$aPrevious Copyright Fee: GBP16.00$c29\0$e01-jan-2006$fGBP16.00$g0$hP$5Uk
=ACF  \\$aPrevious copyright fee: GBP18.00$c29\0$e01-jan-2008$fGBP18.00$g0$hP$5Uk
=ACF  \\$aPrevious copyright fee: GBP20.00$c29\0$e01-jan-2013$fGBP20.00$g0$hP$5Uk
=ACF  \\$aPrevious copyright fee: GBP23.00$c29\0$e01-jan-2015$fGBP23.00$g0$hP$5Uk
=ACF  \\$aPrevious copyright fee: GBP24.00$c29\0$e01-jan-2016$fGBP24.00$g0$hP$5Uk
=ACF  \\$aPrevious copyright fee: GBP26.00$c29\0$e01-jan-2017$fGBP26.00$g0$hP$5Uk
=ACF  \\$aPrevious copyright fee: GBP27.00$c29\0$e01-jan-2018$fGBP27.00$g0$hP$5Uk
=ACF  \\$aPrevious copyright fee: GBP28.00$c29\0$e01-jan-2019$fGBP28.00$g0$hP$5Uk
=ACF  \\$aPrevious Copyright Fee: GBP29.00$c29\0$e01-jan-2020$fGBP29.00$g0$hP$5Uk
=CAT  \\$aCONV$b00$c20040425$lBLL90$h0712
=CAT  \\$aBATCH-UPD$b00$c20151119$lBLL01$h1551
=CAT  \\$aIPL-CLA$c20151231$lBLL01$h1918
=CAT  \\$aBATCH-UPD$b00$c20160524$lBLL01$h2209
=CAT  \\$aBATCH-UPD$b00$c20160525$lBLL01$h0012
=CAT  \\$aBATCH-UPD$b00$c20161122$lBLL01$h1520
=CAT  \\$aIPL-CLA$c20161230$lBLL01$h2113
=CAT  \\$aBATCH-UPD$b00$c20171121$lBLL01$h1703
=CAT  \\$aW1711-1005$c20171206$lBLL01$h1815
=CAT  \\$aIPL-CLA$c20171231$lBLL01$h1623
=CAT  \\$aBATCH-UPD$b00$c20181217$lBLL01$h1651
=CAT  \\$aIPL-CLA$c20181231$lBLL01$h1539
=CAT  \\$aW1910-0530$c20191007$lBLL01$h1114
=CAT  \\$aR1911-1518$c20191206$lBLL01$h1405
=CAT  \\$aIPL-CLA$c20191231$lBLL01$h1922
=CAT  \\$a8483$b40$c20200929$lBLL01$h1253
=CAT  \\$aBATCH-UPD$b40$c20220308$lBLL01$h1727
=CAT  \\$aIPL-CLA$c20220331$lBLL01$h1951
=CAT  \\$a12654$b40$c20230123$lBLL01$h1243
=CAT  \\$a12654$b40$c20230123$lBLL01$h1339
=CAT  \\$aS2302-1302$c20230322$lBLL01$h1707
=CAT  \\$aS2302-1302$c20230322$lBLL01$h1708
=CAT  \\$aS2302-1302$c20230323$lBLL01$h1443
=CAT  \\$aIPL-CLA$c20230331$lBLL01$h1546
=CAT  \\$aS2304-0519$c20230412$lBLL01$h1139
=CAT  \\$aBATCH-SUPP$c20230426$lBLL01$h1108
=CFI  0\$aCurrent Copyright Fee: GBP42.00$c29\0$e01-apr-2023$fGBP42.00$g0$hP$5Uk
=CFI  2\$aPrevious copyright fee: GBP32.00$c29\0$e01-apr-2022$fGBP32.00$g0$hP$5Uk
=EST  \\$a1
=FFP  \\$aY$bBLDSS-3PM
=FIN  \\$aY
=FMT  \\$a  SE
=LAS  \\$aBATCH-SUPP$b00$c20230426$lBLL01$h1108
=LEO  \\$aMP10.0000629647
=LEO  \\$aMP22.0000056193
=LKR  \\$aPAR$b011747518$lBLL01$r776$mCerebral cortex (Online)$nCerebral cortex (Print)
=MNI  \\$a1047-3211
=SID  \\$aZ39$bOCLC
=SRC  \\$aISN01$bbibmp22.200404.2.aa
=SRC  \\$aDSS01$bbibmp10.200404.2.aa
=TCO  \\$aTRS$bCCC$c008
=TCO  \\$aCLA$bCLA$c008
=TOC  \\$aETOC
=UNO  \\$aY

