=LDR  05553cas a2201249 a 4500
=001  012432422
=003  Uk
=005  20230706085507.0
=006  m\\\\fo\\d\\\\\\\\
=007  cr\un|||||||||
=008  040410c19769999enkbr\p\o\\\\\0\\\a0eng\\
=015  \\$aGBB350908$2bnb
=019  c\$a102051407
=022  0\$a1365-2230$l0307-6938$y0307-6938$202
=037  \\$aISSN_03076938$bPortico$nWiley
=037  3\$aISSN_03076938_4$bPortico$nOxford University Press
=040  \\$aUk$cUk$dUk
=042  \\$aukblsr$aissnuk
=082  04$a616.5$221
=130  0\$aClinical and experimental dermatology (Online)
=210  0\$aClin. exp. dermatol.$b(Online)
=222  \0$aClinical and experimental dermatology$b(Online)
=245  10$aClinical and experimental dermatology$h[electronic resource].
=246  1\$aCED,$f<2010->
=260  \\$a[Oxford, England] :$bBlackwell Science
=264  31$32023-$a[Oxford] :$bOxford University Press
=310  \\$aEight times a year
=321  \\$aBimonthly
=336  \\$atext$2rdacontent
=337  \\$acomputer$2rdamedia
=338  \\$aonline resource$2rdacarrier
=362  1\$aPrint began with vol. 1, no. 1 (Mar. 1976).
=500  \\$aJournal of the St. John's Hospital Dermatological Society.
=500  \\$a"The educational journal of the British Association of Dermatologists".
=530  \\$aAlso issued in print.
=538  \\$aMode of access: World Wide Web.
=540  \\$aCurrent Copyright Fee: GBP34.00$c29\0$5Uk
=550  \\$aPublished on behalf of: the British Association of Dermatologists, <2010->
=588  \\$aLatest issue consulted: volume 48, issue 1 (January 2023) (Oxford University Press website, viewed January 27, 2023).
=595  \\$aFORMERLY 9003.7 UP TO VOL. 61(1/2), 1975.
=650  \0$aSkin$xDiseases$vPeriodicals.
=776  18$iPrint version:$tClinical and experimental dermatology$x0307-6938
=852  41$aBritish Library$bDSC$j3286.250000$3Volume 20:Issue 2(1995)-Volume 39:Issue 8(2014)***See ESTAR for full holdings.
=852  41$aBritish Library$bHMNTS$jELD Digital store$3Volume 38:Number 1(2013)-***Previous issues available in print copy
=856  \\$31850-9999$uhttp://onlinelibrary.wiley.com/$xBLDSS
=856  40$uhttp://onlinelibrary.wiley.com/journal/10.1111/(ISSN)1365-2230
=856  40$uhttps://academic.oup.com/ced/issue
=859  \\$aELD$bejournal
=859  \\$aXLD$bejournal$cSFX
=945  \\$aCLINICAL AND EXPERIMENTAL DERMATOLOGY.
=959  \\$fCurrently available
=963  \\$aCA/M-7 1976- *A=1$bN
=979  \\$aBritish Library$bDSC$j3286.250000
=985  \\$aISSN responsibility transferred to U.S. ISSN Center from ISSN UK Centre, Wiley, Multinational Publisher List, Summer 2017
=985  \\$aISSN responsibility transferred back to UK Centre (Richard, 02/02/23)
=A02  \\$a102051407
=ACF  \\$aCurrent copyright fee: GBP13.00$c10\0$e01-apr-2003$fGBP13.00$g0$hP$5Uk
=ACF  \\$aCurrent copyright fee: GBP13.00$c10\4$e01-jan-2002$fGBP13.00$g0$hP$5Uk
=ACF  \\$aPrevious copyright fee: GBP15.00$c10\0$e01-apr-2004$fGBP15.00$g0$hP$5Uk
=ACF  \\$aPrevious copyright fee: GBP22.00$c10\0$e01-jan-2006$fGBP22.00$g0$hP$5Uk
=ACF  \\$aPrevious copyright fee: GBP24.00$c10\0$e01-mar-2015$fGBP24.00$g0$hP$5Uk
=ACF  \\$aPrevious copyright fee: GBP24.00$c35\0$e07-mar-2017$fGBP24.00$g0$hP$5Uk
=ACF  \\$aPrevious copyright fee: GBP28.00$c35\0$e01-jan-2019$fGBP28.00$g0$hP$5Uk
=ACF  \\$aPrevious Copyright Fee: GBP32.00$c35\0$e01-jan-2020$fGBP32.00$g0$hP$5Uk
=ACF  \\$aPrevious copyright fee: GBP39.00$c35\0$e01-jan-2022$fGBP39.00$g0$hP$5Uk
=CAT  \\$aCONV$b00$c20040425$lBLL90$h0712
=CAT  \\$aBATCH-UPD$b00$c20181121$lBLL01$h1620
=CAT  \\$aIPL-CLA$c20181231$lBLL01$h1539
=CAT  \\$a5410$b40$c20191023$lBLL01$h0907
=CAT  \\$aR1911-0245$c20191127$lBLL01$h0822
=CAT  \\$aR1911-0245$c20191127$lBLL01$h1045
=CAT  \\$aIPL-CLA$c20191231$lBLL01$h1922
=CAT  \\$aW2111-0842$c20211208$lBLL01$h1942
=CAT  \\$aIPL-CLA$c20211231$lBLL01$h1541
=CAT  \\$a5410$b40$c20221007$lBLL01$h1558
=CAT  \\$a8055$b40$c20221230$lBLL01$h1345
=CAT  \\$aIPL-CLA$c20221231$lBLL01$h1444
=CAT  \\$a15190$b40$c20230119$lBLL01$h1029
=CAT  \\$a14586$b40$c20230125$lBLL01$h1629
=CAT  \\$a10969$b40$c20230127$lBLL01$h1455
=CAT  \\$a10969$b40$c20230127$lBLL01$h1502
=CAT  \\$a10969$b40$c20230127$lBLL01$h1523
=CAT  \\$a10806$b40$c20230202$lBLL01$h1356
=CAT  \\$a10806$b40$c20230202$lBLL01$h1412
=CAT  \\$a10806$b40$c20230206$lBLL01$h1128
=CAT  \\$aS2302-1302$c20230322$lBLL01$h1708
=CAT  \\$aS2302-1302$c20230323$lBLL01$h1444
=CAT  \\$aIPL-CLA$c20230331$lBLL01$h1546
=CAT  \\$aS2304-0519$c20230412$lBLL01$h1139
=CAT  \\$aBATCH-SUPP$c20230426$lBLL01$h1108
=CAT  \\$a12654$b40$c20230706$lBLL01$h0855
=CFI  0\$aCurrent Copyright Fee: GBP34.00$c29\0$e01-apr-2023$fGBP34.00$g0$hP$5Uk
=CFI  2\$aPrevious Copyright fee: GBP24.00$c29\0$e01-jan-2023$fGBP24.00$g0$hP$5Uk
=EST  \\$a1
=FFP  \\$aY$bBLDSS-3PM
=FIN  \\$aY
=FMT  \\$a  SE
=LAS  \\$a12654$b40$c20230706$lBLL01$h0855
=LEO  \\$aMP22.0000051914
=LEO  \\$aMP10.0000629692
=LKR  \\$aPAR$b007008544$lBLL01$r776$mClinical and experimental dermatology (Online)$nClinical and experimental dermatology (Print)
=MNI  \\$a0307-6938
=SRC  \\$aISN01$bbibmp22.200404.2.aa
=SRC  \\$aDSS01$bbibmp10.200404.2.aa
=TCO  \\$aCLA$bCLA$c008
=TOC  \\$aETOC
=UNO  \\$aY

