=LDR  05947cas a2201309 a 4500
=001  012432485
=003  Uk
=005  20230426110813.0
=006  m\\\\\\\\d\\\\\\\\
=007  cr\unu||||||||
=008  010808c19919999ncuqr\pss\\\\\0\\\a0eng\c
=010  \\$a2002253336
=015  \\$aGBB351013$2bnb
=019  c\$a102440623
=022  0\$a1468-2885$l1050-3293$y1050-3293$202
=035  \\$a(OCoLC)49374452$z(OCoLC)42810554
=037  \\$aISSN_10503293$bPortico$nWiley
=037  2\$ajcomthe$bOxford University Press
=037  3\$aISSN_10503293_4$bPortico$nOxford University Press
=040  \\$aPUL$cPUL$dWAU$dOCL$dOCLCQ$dOCLCS$dOCLCQ$dEYM$dUQ1$dGUA$dOCLCQ$dGUA$dUk
=042  \\$aukblsr$aissnuk
=050  14$aP87
=082  04$a302.205$222
=130  0\$aCommunication theory (Online)
=210  0\$aCommun. theory$b(Online)
=222  \0$aCommunication theory$b(Online)
=245  10$aCommunication theory$h[electronic resource].
=260  \\$aOxford, U.K. :$bOxford University Press on behalf of the International Communication Association
=260  2\$32006-$a[Oxford] :$bBlackwell
=260  2\$a[Oxford] :$bWiley-Blackwell
=264  31$aCary, NC :$bOxford University Press
=310  \\$aQuarterly
=336  \\$atext$2rdacontent
=337  \\$acomputer$2rdamedia
=338  \\$aonline resource$2rdacarrier
=362  1\$aPrint began with vol. 1, no. 1 (Feb. 1991).
=500  \\$aDescription based on: Vol. 6, no. 1 (Feb. 1996); title from contents screen (Wiley Interscience, viewed Apr. 22, 2010).
=530  \\$aAlso issued in print.
=538  \\$aMode of access: World Wide Web.
=540  \\$aCurrent Copyright Fee: GBP32.00$c29\0$5Uk
=588  \\$aLatest issue consulted: volume 28, number 1 (February 2018) (Oxford Academic, viewed April 23, 2018).
=650  \0$aCommunication$vPeriodicals.
=650  \0$aInformation theory$vPeriodicals.
=710  2\$aInternational Communication Association.
=776  1\$tCommunication theory$x1050-3293
=852  41$aBritish Library$bHMNTS$jELD Digital store$3Volume 23:Part 1(2013:Feb.)-***Previous issues available in print copy
=852  41$aBritish Library$bDSC$j3363.459000$3feb-2001 VOL 11 PART 1-Volume 27:Issue 4(2017)***See ESTAR for full holdings.
=856  \\$31850-9999$uhttp://onlinelibrary.wiley.com/$xBLDSS
=856  4\$uhttp://ct.oxfordjournals.org$zLink no longer valid
=856  4\$uhttp://firstsearch.oclc.org$zAddress for accessing the journal using authorization number and password through OCLC FirstSearch Electronic Collections Online
=856  40$uhttp://www3.interscience.wiley.com/journal/117990696/home
=856  40$uhttps://academic.oup.com/ct
=859  \\$aELD$bejournal
=859  \\$aXLD$bejournal$cSFX
=945  \\$aCommunication theory
=959  \\$fCurrently available
=985  \\$aISSN responsibility transferred to U.S. ISSN Center from ISSN UK Centre, Wiley, Multinational Publisher List, Summer 2017
=985  \\$aISSN responsibility transferred back to UK Centre, 23/04/18
=A02  \\$a102440623
=ACF  \\$aPrevious copyright fee: GBP16.00$c10\0$e01-jan-2006$fGBP16.00$g0$hP$5Uk
=ACF  \\$aBritish Library not licensed to copy$c0$e01-jan-2005$hC$iCLA Excluded$5Uk
=ACF  \\$aPrevious Copyright Fee: GBP13.78$c0$e01-oct-2004$fGBP13.78$g0$hC$5Uk
=ACF  \\$aPrevious copyright fee: GBP15.00$c29\0$e01-jan-2004$fGBP15.00$g0$hP$5Uk
=ACF  \\$aCurrent copyright fee: GBP10.00$c29\0$e01-apr-2002$fGBP10.00$g0$hP$5Uk
=ACF  \\$aCurrent copyright fee: GBP6.00$c0$e01-jul-2000$fGBP6.00$g0$hC$5Uk
=ACF  \\$aPrevious copyright fee: GBP17.00$c10\0$e01-jan-2009$fGBP17.00$g0$hP$5Uk
=ACF  \\$aPrevious copyright fee: GBP22.00$c10\0$e01-jan-2011$fGBP22.00$g0$hP$5Uk
=ACF  \\$aPrevious copyright fee: GBP24.00$c35\0$e07-mar-2017$fGBP24.00$g0$hP$5Uk
=ACF  \\$aPrevious copyright fee: GBP24.00$c10\0$e01-mar-2015$fGBP24.00$g0$hP$5Uk
=ACF  \\$aPrevious copyright fee: GBP27.00$c29\0$e08-jan-2018$fGBP27.00$g0$hP$5Uk
=ACF  \\$aPrevious copyright fee: GBP28.00$c29\0$e01-jan-2019$fGBP28.00$g0$hP$5Uk
=ACF  \\$aPrevious Copyright Fee: GBP20.00$c29\0$e01-jan-2020$fGBP20.00$g0$hP$5Uk
=CAT  \\$aCONV$b00$c20040425$lBLL90$h0712
=CAT  \\$aBATCH-UPD$b40$c20180110$lBLL01$h0100
=CAT  \\$a12654$b40$c20180129$lBLL01$h1538
=CAT  \\$a10806$b40$c20180423$lBLL01$h0952
=CAT  \\$a10806$b40$c20180423$lBLL01$h0953
=CAT  \\$a10983$b40$c20180721$lBLL01$h0859
=CAT  \\$a10983$b40$c20180721$lBLL01$h0914
=CAT  \\$a10983$b40$c20180721$lBLL01$h0918
=CAT  \\$a10983$b40$c20180721$lBLL01$h0920
=CAT  \\$a3072$b40$c20180723$lBLL01$h1035
=CAT  \\$a3072$b40$c20180723$lBLL01$h1038
=CAT  \\$a10806$b40$c20180730$lBLL01$h1149
=CAT  \\$aBATCH-UPD$b40$c20181217$lBLL01$h1651
=CAT  \\$aIPL-CLA$c20181231$lBLL01$h1539
=CAT  \\$a15005$b40$c20191010$lBLL01$h1537
=CAT  \\$aR1911-1518$c20191206$lBLL01$h1419
=CAT  \\$aIPL-CLA$c20191231$lBLL01$h1922
=CAT  \\$aBATCH-UPD$b00$c20220308$lBLL01$h1734
=CAT  \\$aIPL-CLA$c20220331$lBLL01$h1951
=CAT  \\$a8055$b40$c20221202$lBLL01$h1046
=CAT  \\$aS2302-1302$c20230322$lBLL01$h1707
=CAT  \\$aS2302-1302$c20230322$lBLL01$h1708
=CAT  \\$aS2302-1302$c20230323$lBLL01$h1443
=CAT  \\$aIPL-CLA$c20230331$lBLL01$h1546
=CAT  \\$aS2304-0519$c20230412$lBLL01$h1139
=CAT  \\$aBATCH-SUPP$c20230426$lBLL01$h1108
=CFI  0\$aCurrent Copyright Fee: GBP32.00$c29\0$e01-apr-2023$fGBP32.00$g0$hP$5Uk
=CFI  2\$aPrevious copyright fee: GBP22.00$c29\0$e01-apr-2022$fGBP22.00$g0$hP$5Uk
=EST  \\$a1
=FFP  \\$aY$bBLDSS-3PM
=FIN  \\$aY
=FMT  \\$a  SE
=LAS  \\$aBATCH-SUPP$b00$c20230426$lBLL01$h1108
=LEO  \\$aMP10.0000629755
=MNI  \\$a1050-3293
=SID  \\$aZ39$bOCLC
=SRC  \\$aDSS01$bbibmp10.200404.2.aa
=TCO  \\$aCLA$bCLA$c008
=TOC  \\$aETOC
=UNO  \\$aY

