=LDR  05990cas a2201309 a 4500
=001  012432488
=003  Uk
=005  20230426110813.0
=007  cr\|||||||||||
=008  020329c19669999enkqr\p\o\o\\\0\\\a0eng\c
=010  \\$a2002238608
=015  \\$aGBB411465$2bnb
=019  c\$a102053516
=022  0\$a1468-2656$l0010-3802$y0010-3802$202
=035  \\$a(OCoLC)49422397$z(OCoLC)44114795$z(OCoLC)48450566
=037  \\$acdj$bOxford University Press
=037  3\$aISSN_00103802$bPortico$nOxford University Press
=040  \\$aTXH$beng$cTXH$dIUL$dWAU$dOCLCQ$dCUS$dOCLCQ$dOCLCF$dUk
=042  \\$aissnuk$aukblsr
=050  14$aHN1
=082  04$a361.8$222
=130  0\$aCommunity development journal (Online)
=222  \0$aCommunity development journal$b(Online)
=245  10$aCommunity development journal$h[electronic resource].
=260  \\$aOxford, UK :$bOxford University Press
=310  \\$aQuarterly
=336  \\$atext$2rdacontent
=337  \\$acomputer$2rdamedia
=338  \\$aonline resource$2rdacarrier
=362  1\$aPrint began with no. 1 (Jan. 1966).
=500  \\$aIncludes some "special issues" which also have distinctive titles.
=500  \\$aAbstracts and table of contents for 1996- also available online.
=540  \\$aCurrent Copyright Fee: GBP33.00$c29\0$5Uk
=580  \\$aOriginal print version of this title was preceded by an earlier title: Community development bulletin.
=588  \\$aDescription based on: Vol. 34, issue 4 (Oct. 1999); title from introductory page (Oxford, viewed June 12, 2002).
=588  \\$aLatest issue consulted: volume 49, number 1 (January 2014) (Oxford Journals, viewed January 29, 2014).
=595  \\$aFORMERLY 3363.617 CHANGE BETWEEN VOL. 15(3), 1964 AND NO. 2, 1966.
=650  \0$aCommunity development$vPeriodicals.
=690  7\$aSocial Welfare$2blcoll
=776  08$iAlso issued in print as:$tCommunity development journal$x0010-3802
=780  00$tCommunity development bulletin$x2516-192X
=852  41$aBritish Library$bHMNTS$jELD Digital store$3Volume 49:Number 1(2014:Jan.)-***Previous issues available in print copy
=852  41$aBritish Library$bDSC$j3363.621000$3jan-2000 VOL 35 PART 1-Volume 46:Issue 4(2011)***See ESTAR for full holdings.
=856  \\$31850-9999$uhttp://ukcatalogue.oup.com/$xBLDSS
=856  40$uhttp://cdj.oxfordjournals.org
=856  40$uhttp://firstsearch.oclc.org$zAddress for accessing the journal using authorization number and password through OCLC FirstSearch Electronic Collections Online
=856  40$uhttp://www-us.ebsco.com/online/direct.asp?JournalID=103040
=856  40$uhttp://www3.oup.co.uk/cdj
=859  \\$aXLD$bejournal$cSFX
=859  \\$aELD$bejournal
=945  \\$aCOMMUNITY DEVELOPMENT JOURNAL
=959  \\$aBritish Library$bDSC$j3363.621000
=959  \\$fCurrently available
=963  \\$aNO. 1, 1966- *A=1$bN$cL200.C.276
=985  \\$aCorrected by BSS-generated file for WR# 08/157
=985  \\$aCorrected by MS generated file for WR# 12.018
=985  \\$aCONFERENCE ANALYTIC RECORDS EXIST
=A02  \\$a102053516
=ACF  \\$aPrevious copyright fee: GBP9.00$c29\0$e01-jan-2004$fGBP9.00$g0$hP$5Uk
=ACF  \\$aCurrent copyright fee: GBP6.00$c29\0$e01-apr-2002$fGBP6.00$g0$hP$5Uk
=ACF  \\$aCurrent copyright fee: GBP6.00$c0$e01-jul-2000$fGBP6.00$g0$hC$5Uk
=ACF  \\$aPrevious copyright fee: GBP10.00$c29\0$e01-jan-2006$fGBP10.00$g0$hP$5Uk
=ACF  \\$aPrevious copyright fee: GBP11.00$c29\0$e01-jan-2008$fGBP11.00$g0$hP$5Uk
=ACF  \\$aPrevious copyright fee: GBP20.00$c29\0$e01-jan-2013$fGBP20.00$g0$hP$5Uk
=ACF  \\$aPrevious copyright fee: GBP23.00$c29\0$e01-jan-2015$fGBP23.00$g0$hP$5Uk
=ACF  \\$aPrevious copyright fee: GBP24.00$c29\0$e01-jan-2016$fGBP24.00$g0$hP$5Uk
=ACF  \\$aPrevious copyright fee: GBP26.00$c29\0$e01-jan-2017$fGBP26.00$g0$hP$5Uk
=ACF  \\$aPrevious copyright fee: GBP27.00$c29\0$e01-jan-2018$fGBP27.00$g0$hP$5Uk
=ACF  \\$aPrevious copyright fee: GBP28.00$c29\0$e01-jan-2019$fGBP28.00$g0$hP$5Uk
=ACF  \\$aPrevious Copyright Fee: GBP20.00$c29\0$e01-jan-2020$fGBP20.00$g0$hP$5Uk
=CAT  \\$aCONV$b00$c20040425$lBLL90$h0712
=CAT  \\$aIPL-CLA$c20141231$lBLL01$h1650
=CAT  \\$aBATCH-UPD$b00$c20151119$lBLL01$h1551
=CAT  \\$aIPL-CLA$c20151231$lBLL01$h1918
=CAT  \\$aBATCH-UPD$b00$c20160524$lBLL01$h2209
=CAT  \\$aBATCH-UPD$b00$c20160525$lBLL01$h0012
=CAT  \\$aBATCH-UPD$b00$c20161122$lBLL01$h1520
=CAT  \\$aIPL-CLA$c20161230$lBLL01$h2113
=CAT  \\$aBATCH-UPD$b00$c20171121$lBLL01$h1703
=CAT  \\$aW1711-1005$c20171206$lBLL01$h1815
=CAT  \\$aIPL-CLA$c20171231$lBLL01$h1623
=CAT  \\$a11205$b40$c20180103$lBLL01$h1324
=CAT  \\$aBATCH-UPD$b40$c20181217$lBLL01$h1651
=CAT  \\$aIPL-CLA$c20181231$lBLL01$h1539
=CAT  \\$aW1910-0530$c20191007$lBLL01$h1114
=CAT  \\$aR1911-1518$c20191206$lBLL01$h1419
=CAT  \\$aIPL-CLA$c20191231$lBLL01$h1922
=CAT  \\$aBATCH-UPD$b00$c20220308$lBLL01$h1734
=CAT  \\$aIPL-CLA$c20220331$lBLL01$h1951
=CAT  \\$a12654$b40$c20230125$lBLL01$h0818
=CAT  \\$aS2302-1302$c20230322$lBLL01$h1707
=CAT  \\$aS2302-1302$c20230322$lBLL01$h1708
=CAT  \\$aS2302-1302$c20230323$lBLL01$h1443
=CAT  \\$aIPL-CLA$c20230331$lBLL01$h1546
=CAT  \\$aS2304-0519$c20230412$lBLL01$h1139
=CAT  \\$aBATCH-SUPP$c20230426$lBLL01$h1108
=CFI  0\$aCurrent Copyright Fee: GBP33.00$c29\0$e01-apr-2023$fGBP33.00$g0$hP$5Uk
=CFI  2\$aPrevious copyright fee: GBP22.00$c29\0$e01-apr-2022$fGBP22.00$g0$hP$5Uk
=EST  \\$a1
=FFP  \\$aY$bBLDSS-3PM
=FIN  \\$aY
=FMT  \\$a  SE
=LAS  \\$aBATCH-SUPP$b00$c20230426$lBLL01$h1108
=LEO  \\$aMP10.0000629758
=LEO  \\$aMP22.0000062451
=MNI  \\$a0010-3802
=SID  \\$aZ39$bOCLC
=SRC  \\$aISN01$bbibmp22.200404.2.aa
=SRC  \\$aDSS01$bbibmp10.200404.2.aa
=TCO  \\$aCLA$bCLA$c008
=TOC  \\$aETOC
=UNO  \\$aY

