=LDR  05125cas a2201213 i 4500
=001  012432529
=003  Uk
=005  20230426110814.0
=006  m\\\\\\\\d\\\\\\\\
=007  cr||||||||||||
=008  040410c19589999enkmr\p\s\\\\\0\\\a0eng\\
=015  \\$aGBB409431$2bnb
=019  c\$a102054102
=022  0\$a1460-2067$202
=037  \\$acomputer_journal$bOxford University Press
=037  3\$aISSN_00104620$bPortico$nOxford University Press
=040  \\$aUk$beng$cUk$dUk$erda
=042  \\$aissnuk$aukblsr
=082  04$a005.1$223
=210  0\$aComput. j.$b(Online)
=222  \0$aComputer journal$b(Online)
=245  04$aThe computer journal.
=260  \\$aChichester :$bWiley Heyden,$c1958-
=264  31$aOxford :$bOxford University Press
=310  \\$aMonthly
=321  \\$aBimonthly
=336  \\$atext$2rdacontent
=337  \\$acomputer$2rdamedia
=338  \\$aonline resource$2rdacarrier
=362  1\$aPrint began in 1958.
=500  \\$aPublished on behalf of BCS, The Chartered Institute for IT, <2014->.
=540  \\$aCurrent Copyright Fee: GBP13.00$c29\0$5Uk
=550  \\$a"Journal of the British Computer Society."
=588  \\$aDescription based on print version record.
=588  \\$aLatest issue consulted: volume 57, number 1 (2014) (Oxford journals, viewed January 23, 2014).
=650  \0$aComputers$vPeriodicals.
=710  2\$aBritish Computer Society.
=710  2\$aBCS, The Chartered Institute for IT.
=710  2\$aBCS Academy of Computing.
=776  08$iAlso issued in print as:$tComputer journal$x0010-4620
=852  41$aBritish Library$bHMNTS$jELD Digital store$3Volume 57:Number 1(2014:Jan.)-***Previous issues available in print copy
=852  41$aBritish Library$bDSC$j3394.060000$32000 VOL 43 PART 1-Volume 54:Issue 12(2011)***See ESTAR for full holdings.
=856  \\$31850-9999$uhttp://ukcatalogue.oup.com/$xBLDSS
=856  40$uhttp://comjnl.oxfordjournals.org/
=859  \\$aXLD$bejournal$cSFX
=859  \\$aELD$bejournal
=945  \\$aComputer journal
=959  \\$fCurrently available
=985  \\$aCONFERENCE ANALYTIC RECORDS EXIST
=A02  \\$a102054102
=ACF  \\$aPrevious copyright fee: GBP12.00$c29\0$e01-jan-2004$fGBP12.00$g0$hP$5Uk
=ACF  \\$aCurrent copyright fee: GBP8.00$c29\0$e01-apr-2002$fGBP8.00$g0$hP$5Uk
=ACF  \\$aCurrent copyright fee: GBP10.00$c0$e01-jul-2001$fGBP10.00$g0$hC$5Uk
=ACF  \\$aPrevious Copyright Fee: GBP13.00$c29\0$e01-jan-2006$fGBP13.00$g0$hP$5Uk
=ACF  \\$aPrevious copyright fee: GBP14.00$c29\0$e01-jan-2008$fGBP14.00$g0$hP$5Uk
=ACF  \\$aPrevious copyright fee: GBP20.00$c29\0$e01-jan-2013$fGBP20.00$g0$hP$5Uk
=ACF  \\$aPrevious copyright fee: GBP23.00$c29\0$e01-jan-2015$fGBP23.00$g0$hP$5Uk
=ACF  \\$aPrevious copyright fee: GBP24.00$c29\0$e01-jan-2016$fGBP24.00$g0$hP$5Uk
=ACF  \\$aPrevious copyright fee: GBP26.00$c29\0$e01-jan-2017$fGBP26.00$g0$hP$5Uk
=ACF  \\$aPrevious copyright fee: GBP27.00$c29\0$e01-jan-2018$fGBP27.00$g0$hP$5Uk
=ACF  \\$aPrevious copyright fee: GBP28.00$c29\0$e01-jan-2019$fGBP28.00$g0$hP$5Uk
=ACF  \\$aPrevious Copyright Fee: GBP10.00$c29\0$e01-jan-2020$fGBP10.00$g0$hP$5Uk
=CAT  \\$aCONV$b00$c20040425$lBLL90$h0712
=CAT  \\$aIPL-CLA$c20141231$lBLL01$h1650
=CAT  \\$aBATCH-UPD$b00$c20150914$lBLL01$h0407
=CAT  \\$aBATCH-UPD$b00$c20151119$lBLL01$h1551
=CAT  \\$aIPL-CLA$c20151231$lBLL01$h1918
=CAT  \\$aBATCH-UPD$b00$c20160524$lBLL01$h2209
=CAT  \\$aBATCH-UPD$b00$c20160525$lBLL01$h0012
=CAT  \\$aBATCH-UPD$b00$c20161122$lBLL01$h1520
=CAT  \\$aIPL-CLA$c20161230$lBLL01$h2113
=CAT  \\$aBATCH-UPD$b00$c20171121$lBLL01$h1703
=CAT  \\$aW1711-1005$c20171206$lBLL01$h1815
=CAT  \\$aIPL-CLA$c20171231$lBLL01$h1623
=CAT  \\$aBATCH-UPD$b00$c20181217$lBLL01$h1651
=CAT  \\$aIPL-CLA$c20181231$lBLL01$h1539
=CAT  \\$aW1910-0530$c20191007$lBLL01$h1114
=CAT  \\$aR1911-1518$c20191206$lBLL01$h1433
=CAT  \\$aIPL-CLA$c20191231$lBLL01$h1922
=CAT  \\$aBATCH-UPD$b00$c20220308$lBLL01$h1738
=CAT  \\$aIPL-CLA$c20220331$lBLL01$h1951
=CAT  \\$a12654$b40$c20230125$lBLL01$h0832
=CAT  \\$aS2302-1302$c20230322$lBLL01$h1707
=CAT  \\$aS2302-1302$c20230322$lBLL01$h1708
=CAT  \\$aS2302-1302$c20230323$lBLL01$h1443
=CAT  \\$aIPL-CLA$c20230331$lBLL01$h1546
=CAT  \\$aS2304-0519$c20230412$lBLL01$h1139
=CAT  \\$aBATCH-SUPP$c20230426$lBLL01$h1108
=CFI  0\$aCurrent Copyright Fee: GBP13.00$c29\0$e01-apr-2023$fGBP13.00$g0$hP$5Uk
=CFI  2\$aPrevious copyright fee: GBP11.00$c29\0$e01-apr-2022$fGBP11.00$g0$hP$5Uk
=EST  \\$a1
=FFP  \\$aY$bBLDSS-3PM
=FIN  \\$aY
=FMT  \\$a  SE
=LAS  \\$aBATCH-SUPP$b00$c20230426$lBLL01$h1108
=LEO  \\$aMP22.0000056180
=LEO  \\$aMP10.0000629799
=LKR  \\$aPAR$b009542576$lBLL01$nComputer journal (Print)$mComputer journal (Online)$r776
=MNI  \\$a0010-4620
=SRC  \\$aISN01$bbibmp22.200404.2.aa
=SRC  \\$aDSS01$bbibmp10.200404.2.aa
=TCO  \\$aCLA$bCLA$c008
=TOC  \\$aETOC
=UNO  \\$aY

