=LDR  05078cas a22011897a 4500
=001  012432708
=003  Uk
=005  20230426110814.0
=006  m\\\\\\\\d\|\\\\\\
=007  cr||||||||||||
=008  040410c19999999enkbx\p\s\\\\\0\\\a0eng\\
=015  \\$aGBB435227$2bnb
=019  c\$a102476607
=022  0\$a1442-2050$y1120-8694$l1120-8694$202
=037  \\$aISSN_11208694$bPortico$nWiley
=037  2\$adote$bOxford University Press
=037  3\$aISSN_11208694_4$bPortico$nOxford University Press
=040  \\$aUk$beng$cUk$dUk
=042  \\$aissnuk$aukblsr
=082  04$a616.32$223$qUK-WkNB
=130  0\$aDiseases of the esophagus (Online)
=210  0\$aDis. esophagus$b(Online)
=222  \0$aDiseases of the esophagus$b(Online)
=245  10$aDiseases of the esophagus$h[electronic resource].
=260  \\$a[Oxford] :$bWiley-Blackwell
=264  21$aMalden, MA :$bWiley Periodicals, Inc.
=264  31$32017-$a[Oxford?] :$bOxford University Press
=310  \\$aEight times a year
=321  \\$aQuarterly
=336  \\$atext$2rdacontent
=337  \\$acomputer$2rdamedia
=338  \\$aonline resource$2rdacarrier
=540  \\$aCurrent Copyright Fee: GBP32.00$c29\0$5Uk
=588  \\$aLatest issue consulted: volume 30, issue 1 (January 2017) (Oxford Academic, viewed July 14, 2017).
=595  \\$aABSORBS 4230.518.
=650  \0$aEsophagus$xDiseases$vPeriodicals.
=710  2\$aInternational Society for Diseases of the Esophagus.
=710  2\$aEuropean Society of Esophagology.
=776  08$iAlso issued online as:$tDiseases of the esophagus$x1120-8694
=852  41$aBritish Library$bDSC$j3598.210000$3Volume 13:Issue 1(2000)-Volume 35:Issue 8(2022)***See ESTAR for full holdings.
=852  41$aBritish Library$bHMNTS$jELD Digital store$3Volume 26:Issue 1(2013)-***Previous issues available in print copy
=856  \\$31850-9999$uhttp://onlinelibrary.wiley.com/$xBLDSS
=856  40$uhttp://onlinelibrary.wiley.com/journal/10.1111/(ISSN)1442-2050
=856  40$uhttp://www.wiley.com/bw/journal.asp?ref=1120-8694
=856  40$uhttps://academic.oup.com/dote
=859  \\$aELD$bejournal
=859  \\$aXLD$bejournal$cSFX
=945  \\$aDiseases of the esophagus
=959  \\$fCurrently available
=979  \\$aBritish Library$bDSC$j3598.210000
=985  \\$aCorrected by MS generated file for WR# 12.018
=A02  \\$a102476607
=ACF  \\$aCurrent copyright fee: GBP13.00$c10\0$e01-apr-2003$fGBP13.00$g0$hP$5Uk
=ACF  \\$aCurrent copyright fee: GBP13.00$c10\4$e18-mar-2002$fGBP13.00$g0$hP$5Uk
=ACF  \\$aPrevious copyright fee: GBP15.00$c10\0$e01-apr-2004$fGBP15.00$g0$hP$5Uk
=ACF  \\$aPrevious copyright fee: GBP22.00$c10\0$e01-jan-2006$fGBP22.00$g0$hP$5Uk
=ACF  \\$aPrevious copyright fee: GBP24.00$c10\0$e01-mar-2015$fGBP24.00$g0$hP$5Uk
=ACF  \\$aPrevious copyright fee: GBP26.00$c29\0$e01-jan-2017$fGBP26.00$g0$hP$5Uk
=ACF  \\$aPrevious copyright fee: GBP27.00$c29\0$e01-jan-2018$fGBP27.00$g0$hP$5Uk
=ACF  \\$aPrevious copyright fee: GBP28.00$c29\0$e01-jan-2019$fGBP28.00$g0$hP$5Uk
=ACF  \\$aPrevious Copyright Fee: GBP20.00$c29\0$e01-jan-2020$fGBP20.00$g0$hP$5Uk
=CAT  \\$aCONV$b00$c20040425$lBLL90$h0712
=CAT  \\$aBATCH-UPD$b00$c20170104$lBLL01$h0049
=CAT  \\$a12654$b40$c20170609$lBLL01$h0850
=CAT  \\$a12654$b40$c20170609$lBLL01$h0912
=CAT  \\$a10806$b40$c20170714$lBLL01$h1448
=CAT  \\$aBATCH-UPD$b40$c20171121$lBLL01$h1703
=CAT  \\$aW1711-1005$c20171206$lBLL01$h1815
=CAT  \\$aIPL-CLA$c20171231$lBLL01$h1623
=CAT  \\$aBATCH-UPD$b00$c20181217$lBLL01$h1651
=CAT  \\$aIPL-CLA$c20181231$lBLL01$h1539
=CAT  \\$a15005$b40$c20191010$lBLL01$h1540
=CAT  \\$aR1911-1518$c20191206$lBLL01$h1419
=CAT  \\$aIPL-CLA$c20191231$lBLL01$h1922
=CAT  \\$aBATCH-UPD$b00$c20220308$lBLL01$h1734
=CAT  \\$aIPL-CLA$c20220331$lBLL01$h1951
=CAT  \\$a8055$b40$c20221214$lBLL01$h1252
=CAT  \\$aS2302-1302$c20230322$lBLL01$h1707
=CAT  \\$aS2302-1302$c20230322$lBLL01$h1708
=CAT  \\$aS2302-1302$c20230323$lBLL01$h1443
=CAT  \\$aIPL-CLA$c20230331$lBLL01$h1546
=CAT  \\$aS2304-0519$c20230412$lBLL01$h1139
=CAT  \\$a5410$b40$c20230415$lBLL01$h0943
=CAT  \\$a5410$b40$c20230415$lBLL01$h0944
=CAT  \\$a5410$b40$c20230415$lBLL01$h0946
=CAT  \\$a5410$b40$c20230426$lBLL01$h1054
=CAT  \\$aBATCH-SUPP$c20230426$lBLL01$h1108
=CFI  0\$aCurrent Copyright Fee: GBP32.00$c29\0$e01-apr-2023$fGBP32.00$g0$hP$5Uk
=CFI  2\$aPrevious copyright fee: GBP22.00$c29\0$e01-apr-2022$fGBP22.00$g0$hP$5Uk
=EST  \\$a1
=FFP  \\$aY$bBLDSS-3PM
=FIN  \\$aY
=FMT  \\$a  SE
=LAS  \\$aBATCH-SUPP$b00$c20230426$lBLL01$h1108
=LEO  \\$aMP10.0000629978
=LET  \0$aDiseases of the esophagus (Online)
=LKR  \\$aPAR$b008416987$lBLL01$nDiseases of the esophagus (Print)$mDiseases of the esophagus (Online)$r776
=MNI  \\$a1120-8694
=SRC  \\$aDSS01$bbibmp10.200404.2.aa
=TCO  \\$aCLA$bCLA$c008
=TOC  \\$aETOC
=UNO  \\$aY

