=LDR  05281cas a2201201 i 4500
=001  012432747
=003  Uk
=005  20230426110814.0
=006  m\\\\\|\\d\|\\\\\\
=007  cr\|||||||||||
=008  040410c19989999enktr\p\s\\\\\0\\\a0eng\\
=015  \\$aGBB351274$2bnb
=019  c\$a102579649
=022  0\$a1368-423X
=037  2\$aISSN_13684221$bPortico$nWiley
=037  3\$aISSN_13684221_4$bPortico$nOxford University Press
=040  \\$aUk$beng$cUk$dUk$erda
=042  \\$aukblsr
=082  04$a330.015195$223
=210  0\$aEconom. j. online
=222  \4$aThe econometrics journal online
=245  04$aThe econometrics journal.
=264  \1$a[Oxford] :$bWiley-Blackwell,$c1998-
=264  21$aOxford :$bJohn Wiley & Sons Ltd on behalf of Royal Economic Society
=264  31$a[Oxford] :$bOxford University Press
=310  \\$aThree issues yearly
=336  \\$atext$2rdacontent
=337  \\$acomputer$2rdamedia
=338  \\$aonline resource$2rdacarrier
=362  0\$aVolume 1, issue 1 (June 1988)-
=500  \\$aTitle from journal information screen (Wiley Online Library, viewed May 28, 2013).
=540  \\$aCurrent Copyright Fee: GBP42.00$c29\0$5Uk
=588  \\$aLatest issue consulted: volume 22, issue 3 (September 2019) (Oxford Academic, viewed October 24, 2019).
=650  \0$aEconometrics$vPeriodicals.
=690  7\$aManagement and Business Studies$2blcoll
=710  2\$aRoyal Economic Society (Great Britain),$eissuing body.
=776  08$iAlso issued in print as:$tEconometrics journal$x1368-4221
=852  41$aBritish Library$bDSC$j3650.112500$3Volume 1:Issue 1(1998)-Volume 17:Issue 3(2014)***See ESTAR for full holdings.
=852  41$aBritish Library$bHMNTS$jELD Digital store$3Volume 16:Issue 1(2013)-***Previous issues available in print copy
=856  \\$31850-9999$uhttp://onlinelibrary.wiley.com/$xBLDSS
=856  40$uhttp://onlinelibrary.wiley.com/journal/10.1111/(ISSN)1368-423X
=856  40$uhttps://academic.oup.com/ectj
=859  \\$aXLD$bejournal$cSFX
=859  \\$aELD$bejournal
=945  \\$aECONOMETRICS JOURNAL.
=959  \\$fCurrently available
=963  \\$aVOL. 2, 1998- *A=1$bY$cU
=979  \\$aBritish Library$bDSC$j3650.112500
=985  \\$aCorrected by BSS-generated file for WR# 08/157
=985  \\$aCorrected by MS generated file for WR# 12.018
=985  \\$aISSN responsibility transferred to US ISSN Center from ISSN UK Centre, Wiley, Multinational Publisher List, Summer 2017.
=985  \\$aDue to transfer to Oxford University Press from 2019 - NISO Transfer Alert (23/08/18). Will need transfer of ISSN responsibility.
=A02  \\$a102579649
=ACF  \\$aCurrent copyright fee: GBP13.00$c10\0$e01-apr-2003$fGBP13.00$g0$hP$5Uk
=ACF  \\$aCurrent copyright fee: GBP13.00$c10\6$e01-apr-2002$fGBP13.00$g0$hP$5Uk
=ACF  \\$aPrevious copyright fee: GBP15.00$c10\0$e01-apr-2004$fGBP15.00$g0$hP$5Uk
=ACF  \\$aPrevious copyright fee: GBP22.00$c10\0$e01-jan-2006$fGBP22.00$g0$hP$5Uk
=ACF  \\$aPrevious copyright fee: GBP24.00$c10\0$e01-mar-2015$fGBP24.00$g0$hP$5Uk
=ACF  \\$aPrevious copyright fee: GBP24.00$c35\0$e07-mar-2017$fGBP24.00$g0$hP$5Uk
=ACF  \\$aPrevious copyright fee: GBP28.00$c29\0$e01-jan-2019$fGBP28.00$g0$hP$5Uk
=ACF  \\$aPrevious Copyright Fee: GBP29.00$c29\0$e01-jan-2020$fGBP29.00$g0$hP$5Uk
=CAT  \\$aCONV$b00$c20040425$lBLL90$h0712
=CAT  \\$a11313$b40$c20170908$lBLL01$h0946
=CAT  \\$aW1711-1005$c20171206$lBLL01$h1815
=CAT  \\$aBATCH-UPD$b00$c20180219$lBLL01$h1744
=CAT  \\$a10983$b40$c20180907$lBLL01$h1517
=CAT  \\$a10806$b40$c20180926$lBLL01$h0828
=CAT  \\$aBATCH-UPD$b40$c20181121$lBLL01$h1620
=CAT  \\$a5552$b40$c20181213$lBLL01$h1354
=CAT  \\$aIPL-CLA$c20181231$lBLL01$h1539
=CAT  \\$a15005$b40$c20191015$lBLL01$h1402
=CAT  \\$a3072$b40$c20191024$lBLL01$h1126
=CAT  \\$a5410$b40$c20191111$lBLL01$h1417
=CAT  \\$a15005$b40$c20191114$lBLL01$h1357
=CAT  \\$aR1911-1518$c20191206$lBLL01$h1405
=CAT  \\$aIPL-CLA$c20191231$lBLL01$h1922
=CAT  \\$a10983$b40$c20210809$lBLL01$h1404
=CAT  \\$aBATCH-UPD$b40$c20220308$lBLL01$h1727
=CAT  \\$aIPL-CLA$c20220331$lBLL01$h1951
=CAT  \\$a5410$b40$c20221008$lBLL01$h1120
=CAT  \\$a12654$b40$c20230125$lBLL01$h0921
=CAT  \\$aS2302-1302$c20230322$lBLL01$h1707
=CAT  \\$aS2302-1302$c20230322$lBLL01$h1708
=CAT  \\$aS2302-1302$c20230323$lBLL01$h1443
=CAT  \\$aIPL-CLA$c20230331$lBLL01$h1546
=CAT  \\$aS2304-0519$c20230412$lBLL01$h1139
=CAT  \\$aBATCH-SUPP$c20230426$lBLL01$h1108
=CFI  0\$aCurrent Copyright Fee: GBP42.00$c29\0$e01-apr-2023$fGBP42.00$g0$hP$5Uk
=CFI  2\$aPrevious copyright fee: GBP32.00$c29\0$e01-apr-2022$fGBP32.00$g0$hP$5Uk
=EST  \\$a1
=FFP  \\$aY$bBLDSS-3PM
=FIN  \\$aY
=FMT  \\$a  SE
=LAS  \\$aBATCH-SUPP$b00$c20230426$lBLL01$h1108
=LEO  \\$aMP22.0000054702
=LEO  \\$aMP10.0000630017
=LKR  \\$aPAR$b011454817$lBLL01$nThe econometrics journal (Print)$mThe econometrics journal (Online)$r776
=MNI  \\$a1368-4221
=SRC  \\$aISN01$bbibmp22.200404.2.aa
=SRC  \\$aDSS01$bbibmp10.200404.2.aa
=TCO  \\$aCLA$bCLA$c008
=TOC  \\$aETOC
=UNO  \\$aY

