=LDR  07558cas a2201525 a 4500
=001  012432751
=003  Uk
=005  20230426110814.0
=006  m\\\\\o\\d\\\\\\\\
=007  cr\cnu||||||||
=008  981014c18919999enkmx\pso\o\\\0\\\a0eng\c
=010  \\$asn 98023310
=015  \\$aGBB352614$2bnb
=016  7\$a019668880$2DE-101
=016  7\$a1473822-3$2DE-600
=019  c\$a102063375
=022  0\$a1468-0297$l0013-0133$y0013-0133$202
=035  \\$a(OCoLC)40108906$z(OCoLC)38912586$z(OCoLC)40394761$z(OCoLC)40661605$z(OCoLC)40667885
=037  \\$aISSN_00130133$bPortico$nWiley
=037  2\$a???$bOxford University Press
=037  3\$aISSN_00130133_4$bPortico$nOxford University Press
=040  \\$aEYM$beng$cEYM$dIUL$dEYM$dMYG$dOCLCQ$dMUQ$dOCLCQ$dF#A$dOCLCQ$dOCLCS$dSERSO$dOCLCQ$dOCLCO$dGBVCP$dOCLCQ$dUk
=042  \\$aukblsr$aissnuk
=050  14$aHB1$b.E3
=082  04$a330.05$223
=130  0\$aEconomic journal (London, England : Online)
=210  1\$aEcon. j.$b(Oxf., Online)
=222  \0$aEconomic journal$b(Oxford. Online)
=245  14$aThe economic journal$h[electronic resource] :$bthe journal of the British Economic Association.
=260  \\$aLondon ;$aNew York :$bMacmillan,$c1891-
=260  2\$aOxford :$bBlackwell
=264  21$a[Oxford] :$bWiley-Blackwell
=264  31$32019-$a[Oxford] :$bOxford University Press
=310  \\$aNine times a year
=321  \\$aBimonthly,$b1991-
=321  \\$aQuarterly,$b1891-1990
=336  \\$atext$2rdacontent
=337  \\$acomputer$2rdamedia
=338  \\$aonline resource$2rdacarrier
=362  0\$aVol. 1, no. 1 (Mar. 1891)-
=500  \\$aImprint varies: London : Macmillan, 1891-1974; Cambridge : Cambridge University Press, 1975-1986; Oxford : Blackwell, 1987-.
=500  \\$aSubtitle varies.
=525  \\$aBeginning with vol. 99 in 1989 has an annual supplement issue containing material formerly issued as: Royal Economic Society (Great Britain). Conference. Conference papers.
=538  \\$aMode of access: World Wide Web.
=540  \\$aCurrent Copyright Fee: GBP42.00$c29\0$5Uk
=550  \\$aVols. for 1891-1902 issued by: British Economic Association; 1903- by: Royal Economic Society.
=580  \\$aJSTOR's online version includes the selected papers of the Royal Economic Society Conference, 1982-1987, as well as the issues published 1989-, after the Conference papers were absorbed as special supplementary issues of the Journal.
=588  \\$aDescription based on JSTOR World Wide Web homepage; title from title screen (viewed Oct. 14, 1998).
=588  \\$aLatest issue consulted: vol. 129, no. 617 (January 2019) (Oxford Academic, viewed February 11, 2019).
=595  \\$aABSORBS 3653.450.
=650  \0$aEconomics$vPeriodicals.
=650  \6$aEÌconomie politique$vPeÌriodiques.
=690  7\$aManagement and Business Studies$2blcoll
=710  2\$aBritish Economic Association.
=710  2\$aRoyal Economic Society (Great Britain)
=770  0\$tEconomic history$x2753-5398
=776  0\$tEconomic journal (London, England : CD-ROM)$x1742-0350
=776  08$iAlso issued in print as:$tEconomic journal (London, England)$x0013-0133
=780  05$aRoyal Economic Society (Great Britain). Conference.$tConference papers (Online)
=852  41$aBritish Library$bHMNTS$jELD Digital store$3Volume 123:Number 566(2013)-***Previous issues available in print copy
=852  41$aBritish Library$bDSC$j3653.800000$3Volume 107:Issue 441(1997)-Volume 125:Issue 581(2014)***See ESTAR for full holdings.
=856  \\$31850-9999$uhttp://onlinelibrary.wiley.com/$xBLDSS
=856  40$ahttp://estar.bl.uk/cgi-bin/sciserv.pl?collection=journals&journal=00130133
=856  40$uhttp://firstsearch.oclc.org$zAddress for accessing the journal using authorization number and password through OCLC FirstSearch Electronic Collections Online
=856  40$uhttp://firstsearch.oclc.org/journal=0013-0133;screen=info;ECOIP$zAddress for accessing the journal from an authorized IP address through OCLC FirstSearch Electronic Collections Online
=856  40$uhttp://onlinelibrary.wiley.com/journal/10.1111/(ISSN)1468-0297/issues
=856  40$uhttp://www.blackwellpublishing.com/journal.asp?ref=0013-0133&site=1
=856  40$uhttp://www.jstor.org/journals/00130133.html
=856  40$uhttps://academic.oup.com/ej
=859  \\$aXLD$bejournal$cSFX
=859  \\$aELD$bejournal
=945  \\$aECONOMIC JOURNAL -LONDON-.
=959  \\$fCurrently available
=963  \\$aVOL. 1, 1891- 56, 1946 *A=1$bY$cP220.B.21
=979  \\$aBritish Library$bDSC$j3653.800000
=985  \\$aISSN responsibility transferred to US ISSN Center from ISSN UK Centre, Wiley, Multinational Publisher List, Summer 2017.
=985  \\$aISSN responsibility transferred from U.S. to UK (18/03/19)
=A02  \\$a102063375
=ACF  \\$aCurrent copyright fee: GBP13.00$c10\0$e01-apr-2003$fGBP13.00$g0$hP$5Uk
=ACF  \\$aCurrent copyright fee: GBP13.00$c10\6$e01-apr-2002$fGBP13.00$g0$hP$5Uk
=ACF  \\$aPrevious copyright fee: GBP15.00$c10\0$e01-apr-2004$fGBP15.00$g0$hP$5Uk
=ACF  \\$aPrevious copyright fee: GBP22.00$c10\0$e01-jan-2006$fGBP22.00$g0$hP$5Uk
=ACF  \\$aPrevious copyright fee: GBP24.00$c10\0$e01-mar-2015$fGBP24.00$g0$hP$5Uk
=ACF  \\$aPrevious copyright fee: GBP24.00$c35\0$e07-mar-2017$fGBP24.00$g0$hP$5Uk
=ACF  \\$aPrevious copyright fee: GBP28.00$c29\0$e01-jan-2019$fGBP28.00$g0$hP$5Uk
=ACF  \\$aPrevious Copyright Fee: GBP29.00$c29\0$e01-jan-2020$fGBP29.00$g0$hP$5Uk
=CAT  \\$aCONV$b00$c20040425$lBLL90$h0712
=CAT  \\$a11313$b40$c20180108$lBLL01$h1342
=CAT  \\$aBATCH-UPD$b40$c20180219$lBLL01$h1744
=CAT  \\$a10983$b40$c20180907$lBLL01$h1524
=CAT  \\$a10806$b40$c20180926$lBLL01$h0843
=CAT  \\$a10806$b40$c20180926$lBLL01$h0856
=CAT  \\$aBATCH-UPD$b40$c20181121$lBLL01$h1620
=CAT  \\$a5552$b40$c20181213$lBLL01$h1354
=CAT  \\$aIPL-CLA$c20181231$lBLL01$h1539
=CAT  \\$a10806$b40$c20190211$lBLL01$h0815
=CAT  \\$a10806$b40$c20190213$lBLL01$h1057
=CAT  \\$a10806$b40$c20190318$lBLL01$h1438
=CAT  \\$a15005$b40$c20191014$lBLL01$h1051
=CAT  \\$a5410$b40$c20191111$lBLL01$h1422
=CAT  \\$aR1911-1518$c20191206$lBLL01$h1406
=CAT  \\$aIPL-CLA$c20191231$lBLL01$h1922
=CAT  \\$aBATCH-UPD$b00$c20220308$lBLL01$h1727
=CAT  \\$aIPL-CLA$c20220331$lBLL01$h1951
=CAT  \\$a10806$b40$c20220906$lBLL01$h1047
=CAT  \\$a5410$b40$c20221008$lBLL01$h1122
=CAT  \\$a12654$b40$c20230125$lBLL01$h0940
=CAT  \\$aS2302-1302$c20230322$lBLL01$h1708
=CAT  \\$aS2302-1302$c20230323$lBLL01$h1443
=CAT  \\$aIPL-CLA$c20230331$lBLL01$h1546
=CAT  \\$aS2304-0519$c20230412$lBLL01$h1139
=CAT  \\$aBATCH-SUPP$c20230426$lBLL01$h1108
=CFI  0\$aCurrent Copyright Fee: GBP42.00$c29\0$e01-apr-2023$fGBP42.00$g0$hP$5Uk
=CFI  2\$aPrevious copyright fee: GBP32.00$c29\0$e01-apr-2022$fGBP32.00$g0$hP$5Uk
=EST  \\$a1
=FFP  \\$aY$bBLDSS-3PM
=FIN  \\$aY
=FMT  \\$a  SE
=LAS  \\$aBATCH-SUPP$b00$c20230426$lBLL01$h1108
=LEO  \\$aMP22.0000062259
=LEO  \\$aMP10.0000630021
=LKR  \\$aPAR$b007845889$lBLL01$nEconomic journal (Print)$mEconomic journal (Online)$r776
=LKR  \\$aPAR$b007206688$lBLL01$nEconomic journal (CD-ROM)$mEconomic journal (Online)$r776
=MNI  \\$a0013-0133
=SID  \\$aZ39$bOCLC
=SRC  \\$aISN01$bbibmp22.200404.2.aa
=SRC  \\$aDSS01$bbibmp10.200404.2.aa
=TCO  \\$aCLA$bCLA$c008
=TOC  \\$aETOC
=UNO  \\$aY

