=LDR  05550cas a2201297 a 4500
=001  012432755
=003  Uk
=005  20230426110814.0
=006  m\\\\\o\\d\\\\\\\\
=007  cr\|||||||||||
=008  040410c19859999enkqx\pso\\\\\0\\\a0eng\\
=015  \\$aGBB350611$2bnb
=019  c\$a102304287
=022  0\$a1468-0327$l0266-4658$y0266-4658$202
=037  \\$aISSN_02664658$bPortico$nWiley
=037  2\$aeconomicpolicy$bOxford University Press
=037  3\$aISSN_0266465X_4$bPortico$nOxford University Press
=040  \\$aUk$cUk$dUk
=042  \\$aukblsr$aissnuk
=082  04$a338.94$220
=130  0\$aEconomic policy (Online)
=210  0\$aEcon. policy$b(Online)
=222  \0$aEconomic policy$b(Online)
=245  10$aEconomic policy$h[electronic resource].
=260  \\$aCambridge :$bCambridge University Press,$c1985-
=260  2\$aOxford :$bBlackwell Publishers,$c1995-
=264  21$a[Oxford] :$b[Wiley]
=264  31$32016-$a[Oxford] :$bOxford University Press
=310  \\$aFour times a year,$b2005-
=321  \\$aThrice-annual,$b-2004
=336  \\$atext$2rdacontent
=337  \\$acomputer$2rdamedia
=338  \\$aonline resource$2rdacarrier
=362  0\$aVol. 1, no. 1 (Nov. 1985)-
=500  \\$aTitle from title screen (JSTOR, viewed Apr. 13, 2005).
=530  \\$aAlso issued in print.
=538  \\$aMode of access: World Wide Web.
=540  \\$aCurrent Copyright Fee: GBP32.00$c29\0$5Uk
=588  \\$aLatest issue consulted: volume 31, issue 85 (Oxford University Press Journals, viewed March 2, 2016).
=595  \\$aSEE ALSO BOOK CATALOGUE.
=650  \0$aEconomic policy$vPeriodicals.
=690  7\$aManagement and Business Studies$2blcoll
=710  2\$aUniversität München.$bInstitut für Wirtschaftsforschung,$eissuing body.
=710  2\$aCentre for Economic Policy Research (Great Britain),$eissuing body.
=710  2\$aFondation nationale des sciences politiques,$eissuing body,.
=776  1\$tEconomic policy$x0266-4658
=852  41$aBritish Library$bHMNTS$jELD Digital store$3Volume 1:Issue 1(1985:Nov.)-***Previous issues available in print copy
=852  41$aBritish Library$bDSC$j3654.091300$3apr-1997 ISSU 24-Volume 26:Issue 68(2011)***See ESTAR for full holdings.
=856  \\$31850-9999$uhttp://onlinelibrary.wiley.com/$xBLDSS
=856  40$uhttp://www.blackwellpublishing.com/journal.asp?ref=0266-4658&site=1
=856  40$uhttps://economicpolicy.oxfordjournals.org/content/by/year
=859  \\$aXLD$bejournal$cSFX
=859  \\$aELD$bejournal
=945  \\$aEconomic policy.
=959  \\$fCurrently available
=963  \\$aVOL. 1, 1985- *A=1$bY$cP220.C.442
=979  \\$aBritish Library$bDSC$j3654.091300
=985  \\$aCorrected by BSS-generated file for WR# 08/157
=A02  \\$a102304287
=ACF  \\$aCurrent copyright fee: GBP13.00$c10\0$e01-apr-2003$fGBP13.00$g0$hP$5Uk
=ACF  \\$aCurrent copyright fee: GBP13.00$c10\6$e01-apr-2002$fGBP13.00$g0$hP$5Uk
=ACF  \\$aPrevious copyright fee: GBP15.00$c10\0$e01-apr-2004$fGBP15.00$g0$hP$5Uk
=ACF  \\$aPrevious copyright fee: GBP22.00$c10\0$e01-jan-2006$fGBP22.00$g0$hP$5Uk
=ACF  \\$aPrevious copyright fee: GBP23.00$c29\0$e01-jan-2015$fGBP23.00$g0$hP$5Uk
=ACF  \\$aPrevious copyright fee: GBP24.00$c29\0$e01-jan-2016$fGBP24.00$g0$hP$5Uk
=ACF  \\$aPrevious copyright fee: GBP26.00$c29\0$e01-jan-2017$fGBP26.00$g0$hP$5Uk
=ACF  \\$aPrevious copyright fee: GBP27.00$c29\0$e01-jan-2018$fGBP27.00$g0$hP$5Uk
=ACF  \\$aPrevious copyright fee: GBP28.00$c29\0$e01-jan-2019$fGBP28.00$g0$hP$5Uk
=ACF  \\$aPrevious Copyright Fee: GBP20.00$c29\0$e01-jan-2020$fGBP20.00$g0$hP$5Uk
=CAT  \\$aCONV$b00$c20040425$lBLL90$h0712
=CAT  \\$a11316$b40$c20160302$lBLL01$h0836
=CAT  \\$a10983$b40$c20160302$lBLL01$h1317
=CAT  \\$aBATCH-UPD$b40$c20160524$lBLL01$h2209
=CAT  \\$aBATCH-UPD$b40$c20160525$lBLL01$h0012
=CAT  \\$aBATCH-UPD$b40$c20161122$lBLL01$h1520
=CAT  \\$aIPL-CLA$c20161230$lBLL01$h2113
=CAT  \\$aBATCH-UPD$b00$c20170101$lBLL01$h1250
=CAT  \\$aBATCH-UPD$b00$c20170127$lBLL01$h1629
=CAT  \\$aBATCH-UPD$b00$c20171121$lBLL01$h1703
=CAT  \\$aW1711-1005$c20171206$lBLL01$h1815
=CAT  \\$aIPL-CLA$c20171231$lBLL01$h1623
=CAT  \\$aBATCH-UPD$b00$c20181217$lBLL01$h1651
=CAT  \\$aIPL-CLA$c20181231$lBLL01$h1539
=CAT  \\$a15005$b40$c20191010$lBLL01$h1542
=CAT  \\$aR1911-1518$c20191206$lBLL01$h1419
=CAT  \\$aIPL-CLA$c20191231$lBLL01$h1922
=CAT  \\$aBATCH-UPD$b00$c20220308$lBLL01$h1734
=CAT  \\$aIPL-CLA$c20220331$lBLL01$h1951
=CAT  \\$a12654$b40$c20230125$lBLL01$h0948
=CAT  \\$aS2302-1302$c20230322$lBLL01$h1707
=CAT  \\$aS2302-1302$c20230322$lBLL01$h1708
=CAT  \\$aS2302-1302$c20230323$lBLL01$h1443
=CAT  \\$aIPL-CLA$c20230331$lBLL01$h1546
=CAT  \\$aS2304-0519$c20230412$lBLL01$h1139
=CAT  \\$aBATCH-SUPP$c20230426$lBLL01$h1108
=CFI  0\$aCurrent Copyright Fee: GBP32.00$c29\0$e01-apr-2023$fGBP32.00$g0$hP$5Uk
=CFI  2\$aPrevious copyright fee: GBP22.00$c29\0$e01-apr-2022$fGBP22.00$g0$hP$5Uk
=EST  \\$a1
=FFP  \\$aY$bBLDSS-3PM
=FIN  \\$aY
=FMT  \\$a  SE
=LAS  \\$aBATCH-SUPP$b00$c20230426$lBLL01$h1108
=LEO  \\$aMP10.0000630025
=LEO  \\$aMP22.0000062262
=LET  \0$aEconomic policy (Electronic)
=MNI  \\$a0266-4658
=SRC  \\$aISN01$bbibmp22.200404.2.aa
=SRC  \\$aDSS01$bbibmp10.200404.2.aa
=TCO  \\$aCLA$bCLA$c008
=TOC  \\$aETOC
=UNO  \\$aY

