=LDR  06120cas a2201393 a 4500
=001  012432864
=003  Uk
=005  20230511162828.0
=006  m\\\\\o\\d\\\\\\\\
=007  cr\|||||||||||
=008  000706c19999999enkmr\pso\\\\\0\\\a0eng\c
=010  \\$a   00208380 
=015  \\$aGBB407825$2bnb
=019  c\$a102579012
=022  0\$a1532-2092$l1099-5129$y1099-5129$202
=035  \\$a(OCoLC)44539687
=037  \\$aeuropace$bOxford University Press
=037  3\$aISSN_10995129$bPortico$nOxford University Press
=040  \\$aNTR$beng$cNTR$dNSDP$dOCoLC$dCaQMU$dOCoLC$dCFlS$dOCoLC$dDNAL$dOCoLC$dNBuU$dDLC$dUk$epn
=042  \\$aissnuk$aukblsr
=050  14$aRC685$b.A65
=060  \4$aW1$bEU5845
=070  0\$aRC685.A65$bE97
=082  04$a617.4120645$223
=130  0\$aEuropace (Online)
=210  0\$aEuropace$b(Online)
=222  \0$aEuropace$b(Online)
=245  10$aEuropace$h[electronic resource].
=246  1\$aEuropean journal of pacing, arrhythmias and cardiac electrophysiology
=246  1\$aEP
=260  \\$aLondon ;$aPhiladelphia :$bW.B. Saunders,$cc1999-
=264  21$3<-2005>:$a[London] :$bElsevier Ltd
=264  31$3<2006- >:$a[Oxford] :$bOxford University Press
=310  \\$aMonthly,$b2006-
=321  \\$aQuarterly,$b1999-2001
=321  \\$aBimonthly,$b2002-2005
=336  \\$atext$2rdacontent
=337  \\$acomputer$2rdamedia
=338  \\$aonline resource$2rdacarrier
=362  1\$aBegan with Vol. 1, no. 1 (Jan. 1999).
=538  \\$aMode of access: World Wide Web.
=540  \\$aCurrent copyright fee: zero$c29\0$5Uk
=550  \\$aThe official journal of the Working Groups on Cardiac Pacing, Arrhythmias, and Cardiac Cellular Electrophysiology of the European Society of Cardiology (ESC).
=588  \\$aDescription based on: Vol. 1, issue 2 (Apr. 1999); title from journal home page (viewed July 06, 2000).
=588  \\$aLatest issue consulted: Vol. 15, no. 8 (Aug. 2013) (Oxford Journals, viewed Aug. 26, 2013).
=650  \0$aArrhythmia$xTreatment$vPeriodicals.
=650  \0$aCardiac pacing$vPeriodicals.
=650  \0$aCatheter ablation$vPeriodicals.
=650  \0$aHeart$xPhysiology$vPeriodicals.
=650  \0$aElectrophysiology$vPeriodicals.
=710  2\$aEuropean Society of Cardiology.
=776  08$iAlso issued in print as:$tEuropace$x1099-5129
=776  08$iPrint version:$tEuropace$x1099-5129
=852  41$aBritish Library$bHMNTS$jELD Digital store$3Volume 16:Issue 1(2014:Jan.)-***Previous issues available in print copy
=852  41$aBritish Library$bDSC$j3829.340450$3jan-1999 VOL 1 PART 1-Volume 13:Issue 12(2011)***See ESTAR for full holdings.
=856  \\$31850-9999$uhttp://ukcatalogue.oup.com/$xBLDSS
=856  40$uhttp://europace.oxfordjournals.org/
=859  \\$aXLD$bejournal$cSFX
=859  \\$aELD$bejournal
=945  \\$aEuropace -London-
=959  \\$fCurrently available
=985  \\$aISSN responsibility taken by ISSN UK from ISSN Netherlands, 10.09.2013.
=985  \\$aISSN description based on: 1, 1 (1999); pdf viewed September 10 2013.
=A02  \\$a102579012
=ACF  \\$aPrevious Copyright Fee: GBP20.00$c29\0$e01-jan-2020$fGBP20.00$g0$hP$5Uk
=ACF  \\$aPrevious copyright fee: GBP16.00$c29\0$e01-jan-2006$fGBP16.00$g0$hP$5Uk
=ACF  \\$aPrevious copyright fee: GBP18.00$c5\9$e01-apr-2004$fGBP18.00$g0$hP$5Uk
=ACF  \\$aCurrent copyright fee: GBP20.00$c5\9$e01-jan-2003$fGBP20.00$g0$hP$5Uk
=ACF  \\$aCurrent copyright fee: GBP22.50$c0$e01-jul-2002$fGBP22.50$g0$hC$5Uk
=ACF  \\$aPrevious Copyright Fee: GBP21.00$c29\0$e01-jan-2007$fGBP21.00$g0$hP$5Uk
=ACF  \\$aPrevious copyright fee: GBP23.00$c29\0$e01-jan-2008$fGBP23.00$g0$hP$5Uk
=ACF  \\$aPrevious copyright fee: GBP20.00$c29\0$e01-jan-2013$fGBP20.00$g0$hP$5Uk
=ACF  \\$aPrevious copyright fee: GBP23.00$c29\0$e01-jan-2015$fGBP23.00$g0$hP$5Uk
=ACF  \\$aPrevious copyright fee: GBP24.00$c29\0$e01-jan-2016$fGBP24.00$g0$hP$5Uk
=ACF  \\$aPrevious copyright fee: GBP26.00$c29\0$e01-jan-2017$fGBP26.00$g0$hP$5Uk
=ACF  \\$aPrevious copyright fee: GBP27.00$c29\0$e01-jan-2018$fGBP27.00$g0$hP$5Uk
=ACF  \\$aPrevious copyright fee: GBP28.00$c29\0$e01-jan-2019$fGBP28.00$g0$hP$5Uk
=CAT  \\$aCONV$b00$c20040425$lBLL90$h0712
=CAT  \\$aBLDSS-3PM$b00$c20141208$lBLL01$h1624
=CAT  \\$aIPL-CLA$c20141231$lBLL01$h1650
=CAT  \\$aBATCH-UPD$b00$c20151007$lBLL01$h0854
=CAT  \\$aBATCH-UPD$b00$c20151119$lBLL01$h1551
=CAT  \\$aIPL-CLA$c20151231$lBLL01$h1918
=CAT  \\$aBATCH-UPD$b00$c20160524$lBLL01$h2209
=CAT  \\$aBATCH-UPD$b00$c20160525$lBLL01$h0012
=CAT  \\$aBATCH-UPD$b00$c20161122$lBLL01$h1520
=CAT  \\$aIPL-CLA$c20161230$lBLL01$h2113
=CAT  \\$aBATCH-UPD$b00$c20171121$lBLL01$h1703
=CAT  \\$aW1711-1005$c20171206$lBLL01$h1815
=CAT  \\$aIPL-CLA$c20171231$lBLL01$h1623
=CAT  \\$aBATCH-UPD$b00$c20181217$lBLL01$h1651
=CAT  \\$aIPL-CLA$c20181231$lBLL01$h1539
=CAT  \\$aW1910-0530$c20191007$lBLL01$h1114
=CAT  \\$aR1911-1518$c20191206$lBLL01$h1419
=CAT  \\$aIPL-CLA$c20191231$lBLL01$h1922
=CAT  \\$a8124$b40$c20210113$lBLL01$h0818
=CAT  \\$aBATCH-UPD$b40$c20220308$lBLL01$h1734
=CAT  \\$aIPL-CLA$c20220331$lBLL01$h1951
=CAT  \\$a12654$b40$c20230125$lBLL01$h1119
=CAT  \\$a12654$b40$c20230302$lBLL01$h0735
=CAT  \\$a12654$b40$c20230302$lBLL01$h0737
=CAT  \\$aBATCH-SUPP$c20230426$lBLL01$h1108
=CAT  \\$aBATCH-FIX$c20230511$lBLL01$h1628
=CFI  0\$aCurrent copyright fee: zero$c29\0$e02-mar-2023$fGBP0.00$g0$hP$5Uk
=CFI  2\$aPrevious copyright fee: GBP22.00$c29\0$e01-apr-2022$fGBP22.00$g0$hP$5Uk
=EST  \\$a1
=FFP  \\$aY$bBLDSS-3PM
=FIN  \\$aY
=FMT  \\$a  SE
=LAS  \\$aBATCH-FIX$b00$c20230511$lBLL01$h1628
=LEO  \\$aMP10.0000630134
=LET  \0$aEuropace (Electronic)
=LKR  \\$aPAR$b007857838$lBLL01$nEuropace (Print)$mEuropace (Online)$r776
=MNI  \\$a1099-5129
=SRC  \\$aDSS01$bbibmp10.200404.2.aa
=SRC  \\$aBLL02
=TCO  \\$aCLA$bCLA$c008
=TOC  \\$aETOC
=UNO  \\$aY

