=LDR  05504cas a2201249 i 4500
=001  012432872
=003  Uk
=005  20230426110815.0
=006  m\\\\\\\\d\\\\\\\\
=007  cr||||||||||||
=008  040410c19809999enksr\p\s\\\\\0\\\a0eng\\
=015  \\$aGBB409385$2bnb
=019  c\$a102068069
=022  0\$a1522-9645$202
=037  \\$aeurheartj$bOxford University Press
=037  3\$aISSN_0195668X$bPortico$nOxford University Press
=040  \\$aUk$beng$cUk$erda
=042  \\$aissnuk$aukblsr
=082  04$a616.12005$223
=210  0\$aEur. heart j.$b(Online)
=222  \0$aEuropean heart journal$b(Online)
=245  00$aEuropean heart journal.
=260  \\$aLondon :$bAcademic Press,$c[1980]-
=260  3\$32005-$aOxford :$bOxford University Press
=310  \\$aSemimonthly,$b<2004->
=321  \\$aBimonthly,$b<-1982>
=321  \\$aMonthly,$b<1983->
=336  \\$atext$2rdacontent
=337  \\$acomputer$2rdamedia
=338  \\$aonline resource$2rdacarrier
=362  1\$aPrint began with: Vol. 1, no. 1 (Feb. 1980).
=540  \\$aCurrent Copyright Fee: GBP32.00$c29\0$5Uk
=550  \\$aJournal of the European Society of Cardiology.
=588  \\$aDescription based on print version record.
=588  \\$aLatest issue consulted: volume 35, number 4 (January 2014) (Oxford Journals, viewed January 23, 2014).
=595  \\$aABSORBS 8931.786 SEE ALSO CARD INDEX.
=650  \0$aCardiology$vPeriodicals.
=650  \0$aHeart$xDiseases$xPeriodicals.
=710  2\$aEuropean Society of Cardiology,$eissuing body.
=770  0\$tEuropean heart journal supplements (Online)$x1554-2815
=770  0\$tEuropean heart journal. Case reports$x2514-2119
=776  08$iAlso issued in print as:$tEuropean heart journal$x0195-668X
=852  41$aBritish Library$bDSC$j3829.717500$3jan-1998 VOL 19 PART 1-Volume 43:Issue 35(2022)***See ESTAR for full holdings.
=852  41$aBritish Library$bHMNTS$jELD Digital store$3Volume 35:Number 3(2014:Jan.)-***Previous issues available in print copy
=856  \\$31850-9999$uhttp://ukcatalogue.oup.com/$xBLDSS
=856  40$uhttp://eurheartj.oxfordjournals.org/
=859  \\$aELD$bejournal
=859  \\$aXLD$bejournal$cSFX
=945  \\$aEuropean heart journal
=959  \\$fCurrently available
=979  \\$aBritish Library$bDSC$j3829.717500
=985  \\$aISSN responsibility transferred from ISSN US Centre - 18.10.07
=985  \\$aCONFERENCE ANALYTIC RECORDS EXIST
=ACF  \\$aPrevious copyright fee: GBP19.50$c29\0$e01-jan-2005$fGBP19.50$g0$hP$5Uk
=ACF  \\$aPrevious copyright fee: GBP18.00$c5\9$e01-apr-2004$fGBP18.00$g0$hP$5Uk
=ACF  \\$aCurrent copyright fee: GBP20.00$c5\9$e01-jan-2003$fGBP20.00$g0$hP$5Uk
=ACF  \\$aCurrent copyright fee: GBP22.50$c0$e01-jul-2002$fGBP22.50$g0$hC$5Uk
=ACF  \\$aPrevious copyright fee: GBP21.00$c29\0$e01-jan-2006$fGBP21.00$g0$hP$5Uk
=ACF  \\$aPrevious copyright fee: GBP23.00$c29\0$e01-jan-2008$fGBP23.00$g0$hP$5Uk
=ACF  \\$aPrevious copyright fee: GBP20.00$c29\0$e01-jan-2013$fGBP20.00$g0$hP$5Uk
=ACF  \\$aPrevious copyright fee: GBP23.00$c29\0$e01-jan-2015$fGBP23.00$g0$hP$5Uk
=ACF  \\$aPrevious copyright fee: GBP24.00$c29\0$e01-jan-2016$fGBP24.00$g0$hP$5Uk
=ACF  \\$aPrevious copyright fee: GBP26.00$c29\0$e01-jan-2017$fGBP26.00$g0$hP$5Uk
=ACF  \\$aPrevious copyright fee: GBP27.00$c29\0$e01-jan-2018$fGBP27.00$g0$hP$5Uk
=ACF  \\$aPrevious copyright fee: GBP28.00$c29\0$e01-jan-2019$fGBP28.00$g0$hP$5Uk
=ACF  \\$aPrevious Copyright Fee: GBP20.00$c29\0$e01-jan-2020$fGBP20.00$g0$hP$5Uk
=CAT  \\$aCONV$b00$c20040425$lBLL90$h0712
=CAT  \\$aBLDSS-3PM$b00$c20141208$lBLL01$h1624
=CAT  \\$aIPL-CLA$c20141231$lBLL01$h1650
=CAT  \\$aBATCH-UPD$b00$c20151119$lBLL01$h1551
=CAT  \\$aIPL-CLA$c20151231$lBLL01$h1918
=CAT  \\$aBATCH-UPD$b00$c20160518$lBLL01$h0839
=CAT  \\$aBATCH-UPD$b00$c20160524$lBLL01$h2209
=CAT  \\$aBATCH-UPD$b00$c20161122$lBLL01$h1520
=CAT  \\$aIPL-CLA$c20161230$lBLL01$h2113
=CAT  \\$aBATCH-UPD$b00$c20171121$lBLL01$h1703
=CAT  \\$a5110$b40$c20171206$lBLL01$h1152
=CAT  \\$aW1711-1005$c20171206$lBLL01$h1815
=CAT  \\$aIPL-CLA$c20171231$lBLL01$h1623
=CAT  \\$aBATCH-UPD$b00$c20181217$lBLL01$h1651
=CAT  \\$aIPL-CLA$c20181231$lBLL01$h1539
=CAT  \\$aW1910-0530$c20191007$lBLL01$h1114
=CAT  \\$aR1911-1518$c20191206$lBLL01$h1419
=CAT  \\$aIPL-CLA$c20191231$lBLL01$h1922
=CAT  \\$aBATCH-UPD$b00$c20220308$lBLL01$h1734
=CAT  \\$aIPL-CLA$c20220331$lBLL01$h1951
=CAT  \\$a12654$b40$c20221205$lBLL01$h0829
=CAT  \\$aS2302-1302$c20230322$lBLL01$h1708
=CAT  \\$aS2302-1302$c20230323$lBLL01$h1443
=CAT  \\$aIPL-CLA$c20230331$lBLL01$h1546
=CAT  \\$aS2304-0519$c20230412$lBLL01$h1139
=CAT  \\$aBATCH-SUPP$c20230426$lBLL01$h1108
=CFI  0\$aCurrent Copyright Fee: GBP32.00$c29\0$e01-apr-2023$fGBP32.00$g0$hP$5Uk
=CFI  2\$aPrevious copyright fee: GBP22.00$c29\0$e01-apr-2022$fGBP22.00$g0$hP$5Uk
=EST  \\$a1
=FFP  \\$aY$bBLDSS-3PM
=FIN  \\$aY
=FMT  \\$a  SE
=LAS  \\$aBATCH-SUPP$b00$c20230426$lBLL01$h1108
=LEO  \\$aMP10.0000630142
=LET  \0$aEuropean heart journal (Electronic)
=LKR  \\$aPAR$b007858614$lBLL01$nEuropean heart journal (Print)$mEuropean heart journal (Online)$r776
=MNI  \\$a0195-668X
=SRC  \\$aDSS01$bbibmp10.200404.2.aa
=TCO  \\$aCLA$bCLA$c008
=TOC  \\$aETOC
=UNO  \\$aY

