=LDR  05949cas a2201309 a 4500
=001  012432873
=003  Uk
=005  20230426110815.0
=006  m\\\\\o\\d\\\\\\\\
=007  cr\|||||||||||
=008  040527c19999999enksr\pso\\\\\0\\\a0eng\c
=010  \\$a2005213809
=015  \\$aGBB409411$2bnb
=016  \\$a012432873
=019  c\$a102577991
=022  0\$a1554-2815$l1520-765X$202
=035  \\$a(OCoLC)55499226
=037  \\$aehjsupp$bOxford University Press
=037  3\$aISSN_1520765X_4$bPortico$nOxford University Press
=040  \\$aOH1$beng$cOH1$dOCLCQ$dNSD$dCGU$dUQ1$dBUF$dNSD$dU9S$dDLC$dOCLCQ$dGUA$dUKMGB$dOCLCQ$dOCLCO$dOCLCF$dUk
=042  \\$aissnuk$aukblsr
=043  \\$ae------
=082  04$a616.12005$223
=130  0\$aEuropean heart journal supplements (Online)
=210  0\$aEur. heart j. suppl.$b(Online)
=222  \0$aEuropean heart journal supplements$b(Online)
=245  10$aEuropean heart journal supplements$h[electronic resource].
=260  \\$aNew York :$bElsevier Science
=260  3\$32005-$aOxford :$bOxford University Press
=310  \\$aSemimonthly
=336  \\$atext$2rdacontent
=337  \\$acomputer$2rdamedia
=338  \\$aonline resource$2rdacarrier
=362  1\$aPrint began with vol. 1, suppl. A (Feb. 1999).
=540  \\$aCurrent Copyright Fee: GBP32.00$c29\0$5Uk
=550  \\$aOfficial journal of the European Society of Cardiology.
=580  \\$aPreviously issued as a part of: European heart journal.
=588  \\$aDescription based on: Vol. 3, suppl. 6 (Sept., 2002); title from general information screen (OhioLink, viewed May 20, 2004).
=588  \\$aLatest issue consulted: volume 16, supplement A (January 2014) (Oxford journals, viewed January 23, 2013).
=650  \0$aCardiology$vPeriodicals.
=650  \0$aCardiology$zEurope$vPeriodicals.
=710  2\$aEuropean Society of Cardiology.
=730  0\$aEuropean heart journal.
=772  1\$tEuropean heart journal (Online)$x1522-9645
=776  08$iPrint version:$tEuropean heart journal supplements$x1520-765X
=852  41$aBritish Library$bDSC$j3829.717510$3Vol. 3, Supplement 6 (2001)-v. 20, supplement G(2018)***See ESTAR for full holdings.
=852  41$aBritish Library$bHMNTS$jELD Digital store$3Vol. 16 (2014)-***Previous issues available in print copy
=856  \\$31850-9999$uhttp://ukcatalogue.oup.com/$xBLDSS
=856  40$uhttp://eurheartjsupp.oxfordjournals.org/
=859  \\$aELD$bejournal
=859  \\$aXLD$bejournal$cSFX
=945  \\$aEuropean heart journal supplements
=959  \\$fCurrently available
=979  \\$aBritish Library$bDSC$j3829.717510
=985  \\$aCONFERENCE ANALYTIC RECORDS EXIST
=A02  \\$a102577991
=ACF  \\$aPrevious copyright fee: GBP19.50$c29\0$e01-jan-2005$fGBP19.50$g0$hP$5Uk
=ACF  \\$aCurrent copyright fee: GBP18.00$c5\1$e01-apr-2004$fGBP18.00$g0$hP$5Uk
=ACF  \\$aCurrent copyright fee: GBP20.00$c0$e01-apr-2003$fGBP20.00$g0$hC$5Uk
=ACF  \\$aCurrent copyright fee: GBP22.50$c0$e01-jul-2002$fGBP22.50$g0$hC$5Uk
=ACF  \\$aPrevious Copyright Fee: GBP21.00$c29\0$e01-jan-2006$fGBP21.00$g0$hP$5Uk
=ACF  \\$aPrevious copyright fee: GBP23.00$c29\0$e01-jan-2008$fGBP23.00$g0$hP$5Uk
=ACF  \\$aPrevious copyright fee: GBP20.00$c29\0$e01-jan-2013$fGBP20.00$g0$hP$5Uk
=ACF  \\$aPrevious copyright fee: GBP23.00$c29\0$e01-jan-2015$fGBP23.00$g0$hP$5Uk
=ACF  \\$aPrevious copyright fee: GBP24.00$c29\0$e01-jan-2016$fGBP24.00$g0$hP$5Uk
=ACF  \\$aPrevious copyright fee: GBP26.00$c29\0$e01-jan-2017$fGBP26.00$g0$hP$5Uk
=ACF  \\$aPrevious copyright fee: GBP27.00$c29\0$e01-jan-2018$fGBP27.00$g0$hP$5Uk
=ACF  \\$aPrevious copyright fee: GBP28.00$c29\0$e01-jan-2019$fGBP28.00$g0$hP$5Uk
=ACF  \\$aPrevious Copyright Fee: GBP20.00$c29\0$e01-jan-2020$fGBP20.00$g0$hP$5Uk
=CAT  \\$aCONV$b00$c20040425$lBLL90$h0712
=CAT  \\$aBLDSS-3PM$b00$c20141208$lBLL01$h1624
=CAT  \\$aIPL-CLA$c20141231$lBLL01$h1650
=CAT  \\$aBATCH-UPD$b00$c20151119$lBLL01$h1551
=CAT  \\$aIPL-CLA$c20151231$lBLL01$h1918
=CAT  \\$aBATCH-UPD$b00$c20160524$lBLL01$h2209
=CAT  \\$aBATCH-UPD$b00$c20160525$lBLL01$h0013
=CAT  \\$aBATCH-016$c20160608$lBLL01$h1429
=CAT  \\$aBATCH-UPD$b00$c20161122$lBLL01$h1520
=CAT  \\$aIPL-CLA$c20161230$lBLL01$h2113
=CAT  \\$aBATCH-UPD$b00$c20171121$lBLL01$h1703
=CAT  \\$aW1711-1005$c20171206$lBLL01$h1815
=CAT  \\$aIPL-CLA$c20171231$lBLL01$h1623
=CAT  \\$aBATCH-UPD$b00$c20181217$lBLL01$h1651
=CAT  \\$aIPL-CLA$c20181231$lBLL01$h1539
=CAT  \\$aW1910-0530$c20191007$lBLL01$h1114
=CAT  \\$aR1911-1518$c20191206$lBLL01$h1419
=CAT  \\$aIPL-CLA$c20191231$lBLL01$h1922
=CAT  \\$aBATCH-UPD$b00$c20220308$lBLL01$h1734
=CAT  \\$aIPL-CLA$c20220331$lBLL01$h1951
=CAT  \\$a12654$b40$c20221104$lBLL01$h1246
=CAT  \\$aS2302-1302$c20230322$lBLL01$h1708
=CAT  \\$aS2302-1302$c20230323$lBLL01$h1443
=CAT  \\$aIPL-CLA$c20230331$lBLL01$h1546
=CAT  \\$aS2304-0519$c20230412$lBLL01$h1139
=CAT  \\$aBATCH-SUPP$c20230426$lBLL01$h1108
=CFI  0\$aCurrent Copyright Fee: GBP32.00$c29\0$e01-apr-2023$fGBP32.00$g0$hP$5Uk
=CFI  2\$aPrevious copyright fee: GBP22.00$c29\0$e01-apr-2022$fGBP22.00$g0$hP$5Uk
=EST  \\$a1
=FFP  \\$aY$bBLDSS-3PM
=FIN  \\$aY$b20221104
=FMT  \\$a  SE
=LAS  \\$aBATCH-SUPP$b00$c20230426$lBLL01$h1108
=LEO  \\$aMP10.0000630143
=LET  \0$aEuropean heart journal supplements (Electronic)
=LKR  \\$aPAR$b007858615$lBLL01$nEuropean heart journal supplements (Print)$mEuropean heart journal supplements (Online)$r776
=LKR  \\$aPAR$b012432872$lBLL01$nEuropean heart journal (Online)$mEuropean heart journal supplements (Online)$r772
=MNI  \\$a1520-765X
=SID  \\$aZ39$bOCLC
=SRC  \\$aDSS01$bbibmp10.200404.2.aa
=TCO  \\$aCLA$bCLA$c008
=TOC  \\$aETOC
=UNO  \\$aY

