=LDR  06240cas a2201321 a 4500
=001  012432879
=003  Uk
=005  20230426110815.0
=006  m\\\\\o\\d\\\\\\\\
=007  cr\|||||||||||
=008  980407c19879999enkmr\pso\\\\\0\\\a0eng\c
=010  \\$a  2003233345
=015  \\$aGBB407757$2bnb
=019  c\$a102335727
=022  0\$a1873-734X$l1010-7940$y1010-7940$202
=035  \\$a(OCoLC)38908313
=037  \\$aejcts$bOxford University Press
=037  3\$aISSN_10107940_4$bPortico$nOxford University Press
=040  \\$aOH1$beng$cOH1$dOCoLC$dGU$dOCoLC$dCaQMU$dICU$dOCoLC$dWaSeSS$dOCoLC$dCU-S$dOCoLC$dUk
=042  \\$aukblsr$aissnuk
=050  14$aRD598
=082  04$a617.54$223
=130  0\$aEuropean journal of cardio-thoracic surgery (Online)
=222  \0$aEuropean journal of cardio-thoracic surgery$b(Online)
=245  10$aEuropean journal of cardio-thoracic surgery$h[electronic resource].
=246  1\$iAlso known as:$aEJCTS
=260  \\$a[Amsterdam] :$bElsevier Science
=264  31$aOxford :$bOxford University Press on behalf of the European Association for Cardio-Thoracic Surgery
=310  \\$aMonthly
=336  \\$atext$2rdacontent
=337  \\$acomputer$2rdamedia
=338  \\$aonline resource$2rdacarrier
=362  1\$aPrint began with vol. 1, no. 1 (July 1987).
=525  \\$aSupplements accompany some issues.
=530  \\$aAlso issued in print.
=538  \\$aMode of access: World Wide Web.
=540  \\$aCurrent Copyright Fee: GBP33.00$c29\0$5Uk
=550  \\$aOfficial journal of the European Association for Cardio-thoracic Surgery and the European Society of Thoracic Surgeons.
=588  \\$aDescription based on: Vol. 11, issue 1 (Jan. 1997); title from contents screen (ScienceDirect, viewed Nov. 25, 2003).
=588  \\$aLatest issue consulted: volume 45, issue 2 (February 2014) (Oxford Journals, viewed January 22, 2014).
=650  \0$aHeart$xSurgery$vPeriodicals.
=650  \0$aChest$xSurgery$vPeriodicals.
=710  2\$aEuropean Association for Cardio-thoracic Surgery,$eissuing body.
=710  2\$aEuropean Society of Thoracic Surgeons,$eissuing body.
=776  08$iAlso issued in print as:$tEuropean journal of cardio-thoracic surgery$x1010-7940
=852  41$aBritish Library$bHMNTS$jELD Digital store$3Volume 45:Number 1(2014:Jan.)-***Previous issues available in print copy
=852  41$aBritish Library$bDSC$j3829.725620$3Volume 9:Part 1(1995)-Volume 37:Issue 6(2010)***See ESTAR for full holdings.***Some issues available for 2010
=856  \\$31850-9999$uhttp://ukcatalogue.oup.com/$xBLDSS
=856  40$uhttp://ejcts.oxfordjournals.org/
=856  40$uhttp://www.sciencedirect.com/science/journal/10107940
=859  \\$aXLD$bejournal$cSFX
=859  \\$aELD$bejournal
=945  \\$aEuropean journal of cardiothoracic surgery
=959  \\$fCurrently available
=985  \\$aCorrected by MS generated file for WR# 12.018
=985  \\$aISSN responsibility transferred from Netherlands to ISSN UK Centre 28.1.14.
=A02  \\$a102335727
=ACF  \\$aPrevious copyright fee: GBP19.00$c5\1$e01-jan-2008$fGBP19.00$g0$hP$5Uk
=ACF  \\$aPrevious copyright fee: GBP18.00$c5\1$e01-apr-2004$fGBP18.00$g0$hP$5Uk
=ACF  \\$aCurrent copyright fee: GBP20.00$c5\1$e01-jan-2003$fGBP20.00$g0$hP$5Uk
=ACF  \\$aCurrent copyright fee: GBP15.00$c5\1$e01-jul-2002$fGBP15.00$g0$hP$5Uk
=ACF  \\$aPrevious copyright fee: GBP20.00$c5\1$e01-jan-2009$fGBP20.00$g0$hP$5Uk
=ACF  \\$aPrevious copyright fee: GBP23.00$c29\0$e01-jan-2012$fGBP23.00$g0$hP$5Uk
=ACF  \\$aPrevious copyright fee: GBP20.00$c29\0$e01-jan-2013$fGBP20.00$g0$hP$5Uk
=ACF  \\$aPrevious copyright fee: GBP23.00$c29\0$e01-jan-2015$fGBP23.00$g0$hP$5Uk
=ACF  \\$aPrevious copyright fee: GBP24.00$c29\0$e01-jan-2016$fGBP24.00$g0$hP$5Uk
=ACF  \\$aPrevious copyright fee: GBP26.00$c29\0$e01-jan-2017$fGBP26.00$g0$hP$5Uk
=ACF  \\$aPrevious copyright fee: GBP27.00$c29\0$e01-jan-2018$fGBP27.00$g0$hP$5Uk
=ACF  \\$aPrevious copyright fee: GBP28.00$c29\0$e01-jan-2019$fGBP28.00$g0$hP$5Uk
=ACF  \\$aPrevious Copyright Fee: GBP20.00$c29\0$e01-jan-2020$fGBP20.00$g0$hP$5Uk
=CAT  \\$aCONV$b00$c20040425$lBLL90$h0712
=CAT  \\$aBATCH-UPD$b00$c20141124$lBLL01$h1810
=CAT  \\$aBLDSS-3PM$b00$c20141208$lBLL01$h1624
=CAT  \\$aIPL-CLA$c20141231$lBLL01$h1650
=CAT  \\$aBATCH-UPD$b00$c20151119$lBLL01$h1551
=CAT  \\$aIPL-CLA$c20151231$lBLL01$h1918
=CAT  \\$aBATCH-UPD$b00$c20160524$lBLL01$h2209
=CAT  \\$aBATCH-UPD$b00$c20160525$lBLL01$h0013
=CAT  \\$aBATCH-UPD$b00$c20161122$lBLL01$h1520
=CAT  \\$aIPL-CLA$c20161230$lBLL01$h2113
=CAT  \\$aBATCH-UPD$b00$c20171121$lBLL01$h1703
=CAT  \\$aW1711-1005$c20171206$lBLL01$h1815
=CAT  \\$aIPL-CLA$c20171231$lBLL01$h1623
=CAT  \\$aBATCH-UPD$b00$c20181217$lBLL01$h1651
=CAT  \\$aIPL-CLA$c20181231$lBLL01$h1539
=CAT  \\$aW1910-0530$c20191007$lBLL01$h1114
=CAT  \\$aR1911-1518$c20191206$lBLL01$h1419
=CAT  \\$aIPL-CLA$c20191231$lBLL01$h1922
=CAT  \\$aBATCH-UPD$b00$c20220308$lBLL01$h1734
=CAT  \\$aIPL-CLA$c20220331$lBLL01$h1951
=CAT  \\$a12654$b40$c20230125$lBLL01$h1244
=CAT  \\$aS2302-1302$c20230322$lBLL01$h1708
=CAT  \\$aS2302-1302$c20230323$lBLL01$h1443
=CAT  \\$aIPL-CLA$c20230331$lBLL01$h1546
=CAT  \\$aS2304-0519$c20230412$lBLL01$h1139
=CAT  \\$aBATCH-SUPP$c20230426$lBLL01$h1108
=CFI  0\$aCurrent Copyright Fee: GBP33.00$c29\0$e01-apr-2023$fGBP33.00$g0$hP$5Uk
=CFI  2\$aPrevious copyright fee: GBP22.00$c29\0$e01-apr-2022$fGBP22.00$g0$hP$5Uk
=EST  \\$a1
=FFP  \\$aY$bBLDSS-3PM
=FIN  \\$aY
=FMT  \\$a  SE
=LAS  \\$aBATCH-SUPP$b00$c20230426$lBLL01$h1108
=LEO  \\$aMP10.0000630149
=LET  \0$aEuropean journal of cardio-thoracic surgery (Electronic)
=LKR  \\$aPAR$b007858684$lBLL01$nEuropean journal of cardio-thoracic surgery (Print)$mEuropean journal of cardio-thoracic surgery (Online)$r776
=MNI  \\$a1010-7940
=SRC  \\$aDSS01$bbibmp10.200404.2.aa
=SRC  \\$aBLL02
=TCO  \\$aNLD$bSTICHTING REPRORECHT$c008
=TCO  \\$aDEU$bVG WORT$c008
=TOC  \\$aETOC
=UNO  \\$aY

