=LDR  07386cas a2201501 a 4500
=001  012432880
=003  Uk
=005  20230426110815.0
=006  m\\\\\o\\d\\\\\\\\
=007  cr\cn|||||||||
=008  020319c20029999enkqx\pso\\\\\0\\\a0eng\c
=010  \\$a2008233560
=015  \\$aGBB3A7189$2bnb
=019  c\$a102611675
=022  0\$a1873-1953$202
=035  \\$a(OCoLC)49340777$z(OCoLC)54104092$z(OCoLC)641911773
=037  \\$aCNU$bSage (UK) Ltd
=037  3\$aISSN_14745151_4$bPortico$nOxford University Press
=040  \\$aOUN$beng$cOUN$dVAM$dOCLCQ$dFQM$dOCLCQ$dGUA$dOCLCQ$dCUS$dOCLCQ$dDLC$dBUF$dOCLCQ$dUk
=042  \\$aissnuk$aukblsr
=050  14$aRC674
=082  04$a610.7369105$223
=130  0\$aEuropean journal of cardiovascular nursing (Online)
=222  \0$aEuropean journal of cardiovascular nursing$b(Online)
=245  10$aEuropean journal of cardiovascular nursing$h[electronic resource].
=246  13$aEJCN
=260  \\$a[Amsterdam] :$bElsevier Science
=260  2\$3Mar. 2012-2020 :$aLondon :$bSage
=264  31$32021- :$aOxford :$bOxford University Press
=310  \\$aFour issues a year
=336  \\$atext$2rdacontent
=337  \\$acomputer$2rdamedia
=338  \\$aonline resource$2rdacarrier
=362  1\$aBegan with Vol. 1, no. 1 (Feb. 2002).
=525  \\$aSupplements accompany some issues.
=538  \\$aMode of access: World Wide Web.
=540  \\$aCurrent Copyright Fee: GBP32.00$c29\0$5Uk
=588  \\$aDescription based on first issue; title from contents screen (ScienceDirect, viewed Mar. 7, 2008).
=588  \\$aLatest issue consulted: volume 20, issue 5, June 2021 (Oxford Academic, viewed August 5, 2021).
=595  \\$aSEE ALSO CARD INDEX.
=650  \0$aCardiovascular system$xDiseases$xNursing$vPeriodicals.
=650  \2$aCardiovascular Diseases$xnursing$vPeriodicals.
=650  \2$aCardiology$vPeriodicals.
=650  \2$aNursing$vPeriodicals.
=650  \2$aVascular Diseases$vPeriodicals.
=710  2\$aEuropean Society of Cardiology,$eissuing body.
=776  08$iAlso issued in print as:$tEuropean journal of cardiovascular nursing$x1474-5151
=852  41$aBritish Library$bHMNTS$jELD Digital store$3Volume 13:Number 1(2014)-***Previous issues available in print copy
=852  41$aBritish Library$bDSC$j3829.725660$3feb-2002 VOL 1 PART 1-Volume 10:Issue 4(2011)***See ESTAR for full holdings.
=856  40$uhttps://academic.oup.com/eurjcn/issue
=856  \\$31850-9999$uhttp://www.uk.sagepub.com/home.nav$xBLDSS
=856  4\$uhttp://www.sciencedirect.com/science/journal/14745151$zLink no longer available as of July 17, 2012:
=856  40$uhttp://cnu.sagepub.com/
=859  \\$aXLD$bejournal$cSFX
=859  \\$aELD$bejournal
=945  \\$aEUROPEAN JOURNAL OF CARDIOVASCULAR NURSING.
=959  \\$fCurrently available
=985  \\$aISSN record based on ISSN Portal record created by ISSN Netherlands 5/12/08. ISSN latest issue consulted: 11 (1) (Mar. 2012) (Sage Journals, viewed June 1, 2012).
=985  \\$aISSN responsibility transferred to ISSN UK Centre from ISSN Netherlands 29/05/2012.
=985  \\$aCorrected by BSS-generated file for WR# 08/157
=A02  \\$a102611675
=ACF  \\$aPrevious copyright fee: GBP21.00$c5\1$e01-jan-2012$fGBP21.00$g0$hP$5Uk
=ACF  \\$aPrevious copyright fee: GBP20.00$c5\1$e01-jan-2009$fGBP20.00$g0$hP$5Uk
=ACF  \\$aPrevious copyright fee: GBP19.00$c5\1$e01-jan-2008$fGBP19.00$g0$hP$5Uk
=ACF  \\$aPrevious copyright fee: GBP18.00$c5\1$e01-apr-2004$fGBP18.00$g0$hP$5Uk
=ACF  \\$aCurrent copyright fee: GBP20.00$c5\1$e01-jan-2003$fGBP20.00$g0$hP$5Uk
=ACF  \\$aCurrent copyright fee: GBP15.00$c5\1$e10-jan-2002$fGBP15.00$g0$hP$5Uk
=ACF  \\$aPrevious Copyright Fee: GBP19.00$c0$e01-oct-2012$fGBP19.00$g0$hC$5Uk
=ACF  \\$aPrevious copyright fee: GBP12.00$c0$e11-jun-2012$fGBP12.00$g0$hA$5Uk
=ACF  \\$aPrevious Copyright Fee: GBP20.00$c19\0$e31-jan-2014$fGBP20.00$g0$hP$5Uk
=ACF  \\$aPrevious copyright fee: GBP19.39$c19\0$e01-jul-2014$fGBP19.39$g0$hP$5Uk
=ACF  \\$aPrevious copyright fee: GBP20.65$c19\0$e01-apr-2015$fGBP20.65$g0$hP$5Uk
=ACF  \\$aPrevious copyright fee: GBP21.33$c19\0$e01-jul-2015$fGBP21.33$g0$hP$5Uk
=ACF  \\$aPrevious copyright fee: GBP20.65$c19\0$e01-oct-2015$fGBP20.65$g0$hP$5Uk
=ACF  \\$aPrevious copyright fee: GBP24.83$c19\0$e01-apr-2016$fGBP24.83$g0$hP$5Uk
=ACF  \\$aPrevious copyright fee: GBP26.67$c19\0$e01-oct-2016$fGBP26.67$g0$hP$5Uk
=ACF  \\$aPrevious copyright fee: GBP27.69$c19\0$e01-oct-2017$fGBP27.69$g0$hP$5Uk
=ACF  \\$aPrevious copyright fee: GBP28.80$c19\0$e01-apr-2017$fGBP28.80$g0$hP$5Uk
=ACF  \\$aPrevious copyright fee: GBP30.77$c19\0$e15-mar-2018$fGBP30.77$g0$hP$5Uk
=ACF  \\$aPrevious copyright fee: GBP28.57$c19\0$e01-apr-2018$fGBP28.57$g0$hP$5Uk
=ACF  \\$aPrevious copyright fee: GBP30.77$c19\0$e01-oct-2018$fGBP30.77$g0$hP$5Uk
=ACF  \\$aPrevious copyright fee: GBP32.31$c19\0$e01-jul-2019$fGBP32.31$g0$hP$5Uk
=ACF  \\$aPrevious copyright fee: GBP33.60$c19\0$e01-oct-2019$fGBP33.60$g0$hP$5Uk
=ACF  \\$aPrevious copyright fee: GBP33.52$c19\0$e01-apr-2020$fGBP33.52$g0$hP$5Uk
=ACF  \\$aPrevious copyright fee: GBP34.86$c19\0$e01-jul-2020$fGBP34.86$g0$hP$5Uk
=ACF  \\$aPrevious Copyright Fee: GBP20.00$c29\0$e01-jan-2021$fGBP20.00$g0$hP$5Uk
=CAT  \\$aCONV$b00$c20040425$lBLL90$h0712
=CAT  \\$a5552$b40$c20180315$lBLL01$h0844
=CAT  \\$aIPL-CLA$c20180331$lBLL01$h1615
=CAT  \\$aBATCH-UPD$b00$c20180823$lBLL01$h1928
=CAT  \\$aIPL-CLA$c20180930$lBLL01$h1500
=CAT  \\$aBATCH-UPD$b00$c20190521$lBLL01$h1410
=CAT  \\$aIPL-CLA$c20190630$lBLL01$h1531
=CAT  \\$aBATCH-UPD$b00$c20190829$lBLL01$h1528
=CAT  \\$aIPL-CLA$c20190930$lBLL01$h1635
=CAT  \\$aBATCH-UPD$b00$c20200219$lBLL01$h1515
=CAT  \\$aIPL-CLA$c20200331$lBLL01$h1612
=CAT  \\$aBATCH-UPD$b00$c20200522$lBLL01$h1457
=CAT  \\$aIPL-CLA$c20200701$lBLL01$h0053
=CAT  \\$a15005$b40$c20201007$lBLL01$h1056
=CAT  \\$a5552$b40$c20201215$lBLL01$h1228
=CAT  \\$aIPL-CLA$c20201231$lBLL01$h1528
=CAT  \\$a14586$b40$c20210426$lBLL01$h1335
=CAT  \\$a8124$b40$c20210805$lBLL01$h1157
=CAT  \\$aBATCH-UPD$b40$c20220308$lBLL01$h1734
=CAT  \\$aIPL-CLA$c20220331$lBLL01$h1951
=CAT  \\$a12654$b40$c20230125$lBLL01$h1339
=CAT  \\$aS2302-1302$c20230322$lBLL01$h1708
=CAT  \\$aS2302-1302$c20230323$lBLL01$h1443
=CAT  \\$aIPL-CLA$c20230331$lBLL01$h1546
=CAT  \\$aS2304-0519$c20230412$lBLL01$h1139
=CAT  \\$aBATCH-SUPP$c20230426$lBLL01$h1108
=CFI  0\$aCurrent Copyright Fee: GBP32.00$c29\0$e01-apr-2023$fGBP32.00$g0$hP$5Uk
=CFI  2\$aPrevious copyright fee: GBP22.00$c29\0$e01-apr-2022$fGBP22.00$g0$hP$5Uk
=EST  \\$a1
=FFP  \\$aY$bBLDSS-3PM
=FIN  \\$aY
=FMT  \\$a  SE
=LAS  \\$aBATCH-SUPP$b00$c20230426$lBLL01$h1108
=LEO  \\$aMP10.0000630150
=LET  \0$aEuropean journal of cardiovascular nursing (Electronic)
=LKR  \\$aPAR$b007858685$lBLL01$nEuropean journal of cardiovascular nursing (Print)$mEuropean journal of cardiovascular nursing (Online)$r776
=MNI  \\$a1474-5151
=SID  \\$aZ39$bOCLC
=SRC  \\$aDSS01$bbibmp10.200404.2.aa
=TCO  \\$aNLD$bSTICHTING REPRORECHT$c008
=TOC  \\$aETOC
=UNO  \\$aY

