=LDR  05991cas a2201333 a 4500
=001  012432895
=003  Uk
=005  20230426110815.0
=006  m\\\\\o\\d\\\\\\\\
=007  cr\mn|||||||||
=008  000920c19909999enkqr\pso\\\\\0\\\a0eng\c
=010  \\$a2002253339
=015  \\$aGBB407753$2bnb
=019  c\$a102436022
=022  0\$a1464-3596$202
=035  \\$a(OCoLC)45043540$z(OCoLC)42671188$z(OCoLC)52519400$z(OCoLC)52605325
=037  \\$aejilaw$bOxford University Press
=037  3\$aISSN_09385428$bPortico$nOxford University Press
=040  \\$aHNK$beng$cHNK$dOCLCQ$dWAU$dOCLCQ$dMUQ$dBUF$dOCLCQ$dAGL$dOCLCQ$dOCLCF$dUk
=041  0\$aeng$afre
=042  \\$aissnuk$aukblsr
=043  \\$ae------
=050  14$aK5
=070  0\$aK5$b.E97
=082  04$a341.05$223
=130  0\$aEuropean journal of international law (Online)
=222  \0$aEuropean journal of international law$b(Online)
=245  10$aEuropean journal of international law$h[electronic resource] =$bJournal europeÌen de droit international.
=246  31$aJournal europeÌen de droit international
=246  13$aEJIL
=260  \\$aFirenze, Italy :$bEuropean Journal of International Law, European University Institute,$c1990-
=260  3\$31998-$aOxford :$bOxford University Press
=310  \\$aQuarterly,$b2009-
=321  \\$aTwo no. a year,$b1990-1992
=321  \\$aQuarterly,$b1993-2000
=321  \\$aFive no. a year,$b2001-2008
=336  \\$atext$2rdacontent
=337  \\$acomputer$2rdamedia
=338  \\$aonline resource$2rdacarrier
=362  1\$aPrint began with vol. 1, no. 1/2 (1990).
=538  \\$aMode of access: World Wide Web.
=540  \\$aCurrent Copyright Fee: GBP42.00$c29\0$5Uk
=546  \\$aIn English and French, 1990-1997; English only, 1998-
=588  \\$aDescription based on: Vol. 9, issue 3 (1998); title from contents (viewed Dec. 30, 2002).
=588  \\$aLatest issue consulted: volume 24, number 4 (November 2013) (Oxford Journals, viewed January 22, 2014).
=650  \0$aInternational law$vPeriodicals.
=650  \0$aInternational law$zEuropean Economic Community countries$vPeriodicals.
=710  2\$aEuropean University Institute.
=776  08$iAlso issued in print:$tEuropean journal of international law$x0938-5428
=852  41$aBritish Library$bHMNTS$jELD Digital store$3Volume 25:Number 1(2014)-***Previous issues available in print copy
=852  41$aBritish Library$bDSC$j3829.730850$3mar-2000 VOL 11 PART 1-Volume 22:Issue 4(2011)***See ESTAR for full holdings.
=856  \\$31850-9999$uhttp://ukcatalogue.oup.com/$xBLDSS
=856  40$uhttp://ejil.oxfordjournals.org/
=856  40$uhttp://heinonline.org/HOL/Index?collection=journals&index=journals/eurint
=856  40$uhttp://www.ejil.org/
=859  \\$aXLD$bejournal$cSFX
=859  \\$aELD$bejournal
=945  \\$aEuropean journal of international law.
=959  \\$fCurrently available
=A02  \\$a102436022
=ACF  \\$aPrevious copyright fee: GBP15.00$c29\0$e01-jan-2004$fGBP15.00$g0$hP$5Uk
=ACF  \\$aCurrent copyright fee: GBP10.00$c29\0$e01-apr-2002$fGBP10.00$g0$hP$5Uk
=ACF  \\$aCurrent copyright fee: GBP10.00$c0$e01-jul-2000$fGBP10.00$g0$hC$5Uk
=ACF  \\$aPrevious copyright fee: GBP16.00$c29\0$e01-jan-2006$fGBP16.00$g0$hP$5Uk
=ACF  \\$aPrevious copyright fee: GBP18.00$c29\0$e01-jan-2008$fGBP18.00$g0$hP$5Uk
=ACF  \\$aPrevious copyright fee: GBP20.00$c29\0$e01-jan-2013$fGBP20.00$g0$hP$5Uk
=ACF  \\$aPrevious copyright fee: GBP23.00$c29\0$e01-jan-2015$fGBP23.00$g0$hP$5Uk
=ACF  \\$aPrevious copyright fee: GBP24.00$c29\0$e01-jan-2016$fGBP24.00$g0$hP$5Uk
=ACF  \\$aPrevious copyright fee: GBP26.00$c29\0$e01-jan-2017$fGBP26.00$g0$hP$5Uk
=ACF  \\$aPrevious copyright fee: GBP27.00$c29\0$e01-jan-2018$fGBP27.00$g0$hP$5Uk
=ACF  \\$aPrevious copyright fee: GBP28.00$c29\0$e01-jan-2019$fGBP28.00$g0$hP$5Uk
=ACF  \\$aPrevious Copyright Fee: GBP29.00$c29\0$e01-jan-2020$fGBP29.00$g0$hP$5Uk
=CAT  \\$aCONV$b00$c20040425$lBLL90$h0712
=CAT  \\$aBATCH-UPD$b40$c20141124$lBLL01$h1810
=CAT  \\$aBLDSS-3PM$b00$c20141208$lBLL01$h1624
=CAT  \\$aIPL-CLA$c20141231$lBLL01$h1650
=CAT  \\$aBATCH-UPD$b00$c20151119$lBLL01$h1551
=CAT  \\$aIPL-CLA$c20151231$lBLL01$h1918
=CAT  \\$aBATCH-UPD$b00$c20160524$lBLL01$h2209
=CAT  \\$aBATCH-UPD$b00$c20160525$lBLL01$h0013
=CAT  \\$aBATCH-UPD$b00$c20161122$lBLL01$h1520
=CAT  \\$aIPL-CLA$c20161230$lBLL01$h2113
=CAT  \\$aBATCH-UPD$b00$c20171121$lBLL01$h1703
=CAT  \\$aW1711-1005$c20171206$lBLL01$h1815
=CAT  \\$aIPL-CLA$c20171231$lBLL01$h1623
=CAT  \\$aBATCH-UPD$b00$c20181217$lBLL01$h1651
=CAT  \\$aIPL-CLA$c20181231$lBLL01$h1539
=CAT  \\$aW1910-0530$c20191007$lBLL01$h1114
=CAT  \\$aR1911-1518$c20191206$lBLL01$h1405
=CAT  \\$aIPL-CLA$c20191231$lBLL01$h1922
=CAT  \\$aBATCH-UPD$b00$c20220308$lBLL01$h1727
=CAT  \\$aIPL-CLA$c20220331$lBLL01$h1951
=CAT  \\$a12654$b40$c20230125$lBLL01$h1345
=CAT  \\$aS2302-1302$c20230322$lBLL01$h1708
=CAT  \\$aS2302-1302$c20230323$lBLL01$h1443
=CAT  \\$aIPL-CLA$c20230331$lBLL01$h1546
=CAT  \\$aS2304-0519$c20230412$lBLL01$h1139
=CAT  \\$aBATCH-SUPP$c20230426$lBLL01$h1108
=CFI  0\$aCurrent Copyright Fee: GBP42.00$c29\0$e01-apr-2023$fGBP42.00$g0$hP$5Uk
=CFI  2\$aPrevious copyright fee: GBP32.00$c29\0$e01-apr-2022$fGBP32.00$g0$hP$5Uk
=EST  \\$a1
=FFP  \\$aY$bBLDSS-3PM
=FIN  \\$aY
=FMT  \\$a  SE
=LAS  \\$aBATCH-SUPP$b00$c20230426$lBLL01$h1108
=LEO  \\$aMP10.0000630165
=LET  \0$aEuropean journal of international law (Electronic)
=LKR  \\$aPAR$b010191591$lBLL01$nEuropean journal of international law (Print)$mEuropean journal of international law (Online)$r776
=MNI  \\$a0938-5428
=SID  \\$aZ39$bOCLC
=SRC  \\$aDSS01$bbibmp10.200404.2.aa
=TCO  \\$aCLA$bCLA$c008
=TOC  \\$aETOC
=UNO  \\$aY

