=LDR  05731cas a2201285 a 4500
=001  012432931
=003  Uk
=005  20230426110815.0
=006  m\\\\\o\\d\\\\\\\\
=007  cr\|||||||||||
=008  991213c19739999enkqr\pso\\\\\0\\\a0eng\c
=010  \\$a2002253346
=015  \\$aGBB407704$2bnb
=019  c\$a102068203
=022  \\$a1464-3618$202
=035  \\$a(OCoLC)ocm42982167
=037  \\$aerae$bOxford University Press
=037  3\$aISSN_01651587$bPortico$nOxford University Press
=040  \\$aDeU$beng$cDeU$dOCoLC$dWaU$dOCoLC$dCFlS$dOCoLC$dUk
=042  \\$aissnuk$aukblsr
=043  \\$ae------
=050  00$aHD1916$b.E85
=082  04$a338.109405$223
=130  0\$aEuropean review of agricultural economics (Online)
=222  \0$aEuropean review of agricultural economics$b(Online)
=245  10$aEuropean review of agricultural economics$h[electronic resource].
=246  13$aERAE
=246  13$aERAE online
=260  \\$aOxford, UK :$bOxford University Press
=310  \\$aQuarterly
=336  \\$atext$2rdacontent
=337  \\$acomputer$2rdamedia
=338  \\$aonline resource$2rdacarrier
=362  1\$aPrint began with vol. 1 in 1973.
=540  \\$aCurrent Copyright Fee: GBP33.00$c29\0$5Uk
=588  \\$aDescription based on: Vol. 26, issue 1 (Mar. 1999); title from contents (viewed Dec. 30, 2002).
=588  \\$aLatest issue consulted: volume 41, issue 1 (February 2014) (Oxford Journals, viewed January 21, 2014).
=650  \0$aAgriculture$xEconomic aspects$vPeriodicals.
=650  \0$aAgriculture$xEconomic aspects$zEurope$vPeriodicals.
=690  7\$aManagement and Business Studies$2blcoll
=710  2\$aEuropean Association of Agricultural Economists,$eissuing body.
=776  08$iAlso issued in print as:$tEuropean review of agricultural economics$x0165-1587
=852  41$aBritish Library$bHMNTS$jELD Digital store$3Volume 41:Number 1(2014:Feb.)-***Previous issues available in print copy
=852  41$aBritish Library$bDSC$j3829.940000$3mar-2000 VOL 27 PART 1-Volume 38:Issue 4(2011)***See ESTAR for full holdings.
=856  \\$31850-9999$uhttp://ukcatalogue.oup.com/$xBLDSS
=856  40$uhttp://erae.oxfordjournals.org/
=859  \\$aXLD$bejournal$cSFX
=859  \\$aELD$bejournal
=945  \\$aEuropean review of agricultural economics
=959  \\$fCurrently available
=963  \\$aVOL. 26, 1999- *A=1$bY$cL221.C.233
=979  \\$aBritish Library$bDSC$j3829.940000
=985  \\$aCorrected by MS generated file for WR# 12.018
=985  \\$aCONFERENCE ANALYTIC RECORDS EXIST
=A02  \\$a102068203
=ACF  \\$aPrevious copyright fee: GBP15.00$c29\0$e01-jan-2004$fGBP15.00$g0$hP$5Uk
=ACF  \\$aCurrent copyright fee: GBP10.00$c29\0$e01-apr-2002$fGBP10.00$g0$hP$5Uk
=ACF  \\$aCurrent copyright fee: GBP10.00$c0$e01-jul-2000$fGBP10.00$g0$hC$5Uk
=ACF  \\$aPrevious copyright fee: GBP16.00$c29\0$e01-jan-2006$fGBP16.00$g0$hP$5Uk
=ACF  \\$aPrevious Copyright Fee: GBP12.30$c0$e01-jan-2014$fGBP12.30$g0$hA$5Uk
=ACF  \\$aPrevious copyright fee: GBP12.00$c0$e01-jan-2012$fGBP12.00$g0$hA$5Uk
=ACF  \\$aPrevious copyright fee: GBP20.00$c29\0$e21-feb-2014$fGBP20.00$g0$hP$5Uk
=ACF  \\$aPrevious copyright fee: GBP23.00$c29\0$e01-jan-2015$fGBP23.00$g0$hP$5Uk
=ACF  \\$aPrevious copyright fee: GBP24.00$c29\0$e01-jan-2016$fGBP24.00$g0$hP$5Uk
=ACF  \\$aPrevious copyright fee: GBP26.00$c29\0$e01-jan-2017$fGBP26.00$g0$hP$5Uk
=ACF  \\$aPrevious copyright fee: GBP27.00$c29\0$e01-jan-2018$fGBP27.00$g0$hP$5Uk
=ACF  \\$aPrevious copyright fee: GBP28.00$c29\0$e01-jan-2019$fGBP28.00$g0$hP$5Uk
=ACF  \\$aPrevious Copyright Fee: GBP20.00$c29\0$e01-jan-2020$fGBP20.00$g0$hP$5Uk
=CAT  \\$aCONV$b00$c20040425$lBLL90$h0712
=CAT  \\$aBATCH-UPD$b00$c20141124$lBLL01$h1810
=CAT  \\$aBLDSS-3PM$b00$c20141208$lBLL01$h1624
=CAT  \\$aIPL-CLA$c20141231$lBLL01$h1650
=CAT  \\$aBATCH-UPD$b00$c20151119$lBLL01$h1551
=CAT  \\$aIPL-CLA$c20151231$lBLL01$h1918
=CAT  \\$aBATCH-UPD$b00$c20160524$lBLL01$h2209
=CAT  \\$aBATCH-UPD$b00$c20160525$lBLL01$h0013
=CAT  \\$aBATCH-UPD$b00$c20161122$lBLL01$h1520
=CAT  \\$aIPL-CLA$c20161230$lBLL01$h2113
=CAT  \\$aBATCH-UPD$b00$c20171121$lBLL01$h1703
=CAT  \\$aW1711-1005$c20171206$lBLL01$h1815
=CAT  \\$aIPL-CLA$c20171231$lBLL01$h1623
=CAT  \\$aBATCH-UPD$b00$c20181217$lBLL01$h1651
=CAT  \\$aIPL-CLA$c20181231$lBLL01$h1539
=CAT  \\$aW1910-0530$c20191007$lBLL01$h1114
=CAT  \\$aR1911-1518$c20191206$lBLL01$h1419
=CAT  \\$aIPL-CLA$c20191231$lBLL01$h1922
=CAT  \\$aBATCH-UPD$b00$c20220308$lBLL01$h1734
=CAT  \\$aIPL-CLA$c20220331$lBLL01$h1951
=CAT  \\$a12654$b40$c20230125$lBLL01$h1410
=CAT  \\$aS2302-1302$c20230322$lBLL01$h1708
=CAT  \\$aS2302-1302$c20230323$lBLL01$h1443
=CAT  \\$aIPL-CLA$c20230331$lBLL01$h1546
=CAT  \\$aS2304-0519$c20230412$lBLL01$h1139
=CAT  \\$aBATCH-SUPP$c20230426$lBLL01$h1108
=CFI  0\$aCurrent Copyright Fee: GBP33.00$c29\0$e01-apr-2023$fGBP33.00$g0$hP$5Uk
=CFI  2\$aPrevious copyright fee: GBP22.00$c29\0$e01-apr-2022$fGBP22.00$g0$hP$5Uk
=EST  \\$a1
=FFP  \\$aY$bBLDSS-3PM
=FIN  \\$aY
=FMT  \\$a  SE
=LAS  \\$aBATCH-SUPP$b00$c20230426$lBLL01$h1108
=LEO  \\$aMP10.0000630201
=LET  \0$aEuropean review of agricultural economics (Electronic)
=LKR  \\$aPAR$b009564371$lBLL01$nEuropean review of agricultural economics (Print)$mEuropean review of agricultural economics (Online)$r776
=MNI  \\$a0165-1587
=SID  \\$aZ39$bLOC
=SRC  \\$aDSS01$bbibmp10.200404.2.aa
=TCO  \\$aDEU$bVG WORT$c008
=TOC  \\$aETOC
=UNO  \\$aY

