=LDR  05124cas a2201189 a 4500
=001  012432969
=003  Uk
=005  20230426110815.0
=006  m\\\\\|\\d\|\\\\\\
=007  cr\|||||||||||
=008  040410c19849999enkbr\p\s\\\\\0\\\a0eng\\
=015  \\$aGBB407597$2bnb
=019  c\$a102243618
=022  0\$a1460-2229$202
=037  \\$afamprj$bOxford University Press
=037  3\$aISSN_02632136$bPortico$nOxford University Press
=040  \\$aUk$beng$cUk
=042  \\$aissnuk$aukblsr
=082  04$a616.005$223
=130  0\$aFamily practice (Online)
=210  0\$aFam. pract.$b(Online)
=222  \0$aFamily practice$b(Online)
=245  10$aFamily practice$h[electronic resource] :$bthe international journal for research in primary care.
=260  \\$aOxford :$bOxford University Press,$c1984-
=310  \\$aBi-monthly
=336  \\$atext$2rdacontent
=337  \\$acomputer$2rdamedia
=338  \\$aonline resource$2rdacarrier
=362  1\$aPrint began with: Vol. 1, no. 1 (Mar. 1984).
=540  \\$aCurrent Copyright Fee: GBP42.00$c29\0$5Uk
=588  \\$aDescription based on print version record.
=588  \\$aLatest issue consulted: volume 30, number 6 (December 2013) (Oxford Journals, viewed January 21, 2014).
=650  \0$aPrimary care (Medicine)$vPeriodicals.
=650  \0$aClinical medicine$vPeriodicals.
=776  08$iAlso issued in print as:$tFamily practice$x0263-2136
=852  41$aBritish Library$bHMNTS$jELD Digital store$3Volume 31:Number 1(2014:Feb.)-***Previous issues available in print copy
=852  41$aBritish Library$bDSC$j3865.574700$3feb-2000 VOL 17 PART 1-Volume 28:Issue 6(2011)***See ESTAR for full holdings.
=856  \\$31850-9999$uhttp://ukcatalogue.oup.com/$xBLDSS
=856  40$uhttp://fampra.oxfordjournals.org/
=859  \\$aXLD$bejournal$cSFX
=859  \\$aELD$bejournal
=945  \\$aFamily practice
=959  \\$fCurrently available
=963  \\$aCA/M-7 VOL. 1, 1984- *A=1$bN
=985  \\$aCorrected by BSS-generated file for WR# 08/157
=985  \\$aCONFERENCE ANALYTIC RECORDS EXIST
=A02  \\$a102243618
=ACF  \\$aPrevious copyright fee: GBP12.00$c29\0$e01-jan-2004$fGBP12.00$g0$hP$5Uk
=ACF  \\$aCurrent copyright fee: GBP8.00$c29\0$e01-apr-2002$fGBP8.00$g0$hP$5Uk
=ACF  \\$aCurrent copyright fee: GBP13.00$c0$e01-jul-2001$fGBP13.00$g0$hC$5Uk
=ACF  \\$aPrevious copyright fee: GBP13.00$c29\0$e01-jan-2006$fGBP13.00$g0$hP$5Uk
=ACF  \\$aPrevious copyright fee: GBP14.00$c29\0$e01-jan-2008$fGBP14.00$g0$hP$5Uk
=ACF  \\$aPrevious copyright fee: GBP20.00$c29\0$e01-jan-2013$fGBP20.00$g0$hP$5Uk
=ACF  \\$aPrevious copyright fee: GBP23.00$c29\0$e01-jan-2015$fGBP23.00$g0$hP$5Uk
=ACF  \\$aPrevious copyright fee: GBP24.00$c29\0$e01-jan-2016$fGBP24.00$g0$hP$5Uk
=ACF  \\$aPrevious copyright fee: GBP26.00$c29\0$e01-jan-2017$fGBP26.00$g0$hP$5Uk
=ACF  \\$aPrevious copyright fee: GBP27.00$c29\0$e01-jan-2018$fGBP27.00$g0$hP$5Uk
=ACF  \\$aPrevious copyright fee: GBP28.00$c29\0$e01-jan-2019$fGBP28.00$g0$hP$5Uk
=ACF  \\$aPrevious Copyright Fee: GBP29.00$c29\0$e01-jan-2020$fGBP29.00$g0$hP$5Uk
=CAT  \\$aCONV$b00$c20040425$lBLL90$h0712
=CAT  \\$aBLDSS-3PM$b00$c20141208$lBLL01$h1624
=CAT  \\$aIPL-CLA$c20141231$lBLL01$h1650
=CAT  \\$a10934$b40$c20150113$lBLL01$h1402
=CAT  \\$aBATCH-UPD$b40$c20151119$lBLL01$h1551
=CAT  \\$aIPL-CLA$c20151231$lBLL01$h1918
=CAT  \\$aBATCH-UPD$b00$c20160524$lBLL01$h2209
=CAT  \\$aBATCH-UPD$b00$c20160525$lBLL01$h0013
=CAT  \\$aBATCH-UPD$b00$c20161122$lBLL01$h1520
=CAT  \\$aIPL-CLA$c20161230$lBLL01$h2113
=CAT  \\$aBATCH-UPD$b00$c20171121$lBLL01$h1703
=CAT  \\$aW1711-1005$c20171206$lBLL01$h1815
=CAT  \\$aIPL-CLA$c20171231$lBLL01$h1623
=CAT  \\$aBATCH-UPD$b00$c20181217$lBLL01$h1651
=CAT  \\$aIPL-CLA$c20181231$lBLL01$h1539
=CAT  \\$aW1910-0530$c20191007$lBLL01$h1114
=CAT  \\$aR1911-1518$c20191206$lBLL01$h1405
=CAT  \\$aIPL-CLA$c20191231$lBLL01$h1922
=CAT  \\$aBATCH-UPD$b00$c20220308$lBLL01$h1727
=CAT  \\$aIPL-CLA$c20220331$lBLL01$h1951
=CAT  \\$a12654$b40$c20230126$lBLL01$h0755
=CAT  \\$aS2302-1302$c20230322$lBLL01$h1708
=CAT  \\$aS2302-1302$c20230323$lBLL01$h1443
=CAT  \\$aIPL-CLA$c20230331$lBLL01$h1546
=CAT  \\$aS2304-0519$c20230412$lBLL01$h1139
=CAT  \\$aBATCH-SUPP$c20230426$lBLL01$h1108
=CFI  0\$aCurrent Copyright Fee: GBP42.00$c29\0$e01-apr-2023$fGBP42.00$g0$hP$5Uk
=CFI  2\$aPrevious copyright fee: GBP32.00$c29\0$e01-apr-2022$fGBP32.00$g0$hP$5Uk
=EST  \\$a1
=FFP  \\$aY$bBLDSS-3PM
=FIN  \\$aY
=FMT  \\$a  SE
=LAS  \\$aBATCH-SUPP$b00$c20230426$lBLL01$h1108
=LEO  \\$aMP10.0000630239
=LEO  \\$aMP22.0000056196
=LET  \0$aFamily practice (Electronic)
=LKR  \\$aPAR$b012778780$lBLL01$nFamily practice (Print)$mFamily practice (Online)$r776
=MNI  \\$a0263-2136
=SRC  \\$aISN01$bbibmp22.200404.2.aa
=SRC  \\$aDSS01$bbibmp10.200404.2.aa
=TCO  \\$aCLA$bCLA$c008
=TOC  \\$aETOC
=UNO  \\$aY

