=LDR  06121cas a2201333 a 4500
=001  012432978
=003  Uk
=005  20230426110815.0
=006  m\\\\\o\\d\\\\\\\\
=007  cr||||||||||||
=008  980331c19779999enker\pso\\\\\0\\\a0eng\c
=010  \\$a  2002238923
=015  \\$aGBB350736$2bnb
=019  c\$a102070082
=022  0\$a1574-6968$l0378-1097
=035  \\$a(OCoLC)38872979
=037  \\$aISSN_03781097_2$bPortico$nWiley
=037  2\$afemsle$bOxford University Press
=037  3\$aISSN_15746968$bPortico$nOxford University Press
=040  \\$aOH1$cOH1$dOCoLC$dInU$dOCoLC$dMiEM$dOCoLC$dUk
=042  \\$aukblsr
=043  \\$ae-ne---
=050  14$aQR1
=082  04$a579$222
=130  0\$aFEMS microbiology letters (Online)
=222  \0$aFEMS microbiology letters$b(Online)
=245  10$aFEMS microbiology letters
=260  \\$a[New York, NY] :$bElsevier Science on behalf of the Federation of European Microbiological Societies
=260  2\$aMalden :$bBlackwell
=264  31$aOxford:$bOxford University Press
=310  \\$aBiweekly
=336  \\$atext$2rdacontent
=337  \\$acomputer$2rdamedia
=338  \\$aonline resource$2rdacarrier
=362  1\$aBegan in 1977.
=500  \\$aSome vols. each year have title: FEMS microbiology ecology, 1985-1993, or: FEMS microbiology reviews, 1985-1992, or: FEMS microbiology immunology, 1988-1992; Annual index has title: FEMS microbiology index, 1985-.
=500  \\$aDescription based on: Vol. 146, issue 1 (Jan. 1, 1997); title from introductory page, viewed Sept. 19, 2002.
=500  \\$aLatest issue consulted: Vol. 362, issue 6 (March 2015) (Oxford Journals, viewed March 16, 2015).
=530  \\$aAlso issued in print.
=538  \\$aMode of access: World Wide Web.
=540  \\$aCurrent Copyright Fee: GBP42.00$c29\0$5Uk
=580  \\$aContinued in part, 1993, by: FEMS immunology and medical microbiology which continues vols. titled: FEMS microbiology immunology.
=595  \\$aSEE ALSO 3905.296 3905.2975 AND 3905.305 SEE ALSO SERIAL RECORDS EDULS IFR AND CARD INDEX.
=650  \0$aMicrobiology$vPeriodicals.
=710  2\$aFederation of European Microbiological Societies.
=776  08$iAlso issued in print as:$tFEMS microbiology letters$x0378-1097
=785  01$tFEMS microbiology ecology (Online)$x1574-6941
=785  01$tFEMS microbiology reviews (Online)$x1574-6976
=785  11$tFEMS immunology and medical microbiology (Online)$x1574-695X
=787  1\$tFEMS microbiology index
=852  41$aBritish Library$bHMNTS$jELD Digital store$3Volume 338:Issue 1(2013:Jan.)-***Previous issues available in print copy
=852  41$aBritish Library$bDSC$j3905.300000$3Volume 63:Issue 1/2(1989)-Volume 364:Issue 21(2017)***See ESTAR for full holdings.
=856  \\$31850-9999$uhttp://onlinelibrary.wiley.com/$xBLDSS
=856  4\$uhttp://femsle.oxfordjournals.org/content/
=856  4\$uhttp://firstsearch.oclc.org$zAddress for accessing the journal using authorization number and password through OCLC FirstSearch Electronic Collections Online
=856  40$uhttp://onlinelibrary.wiley.com/journal/10.1111/(ISSN)1574-6968/issues
=856  40$uhttp://www.sciencedirect.com/science/journal/03781097
=859  \\$aELD$bejournal
=859  \\$aXLD$bejournal$cSFX
=945  \\$aFEMS microbiology letters
=959  \\$fCurrently available
=979  \\$aBritish Library$bDSC$j3905.300000
=A02  \\$a102070082
=ACF  \\$aCurrent copyright fee: GBP20.00$c5\1$e01-jan-2003$fGBP20.00$g0$hP$5Uk
=ACF  \\$aCurrent copyright fee: GBP15.00$c5\1$e01-jul-2002$fGBP15.00$g0$hP$5Uk
=ACF  \\$aPrevious copyright fee: GBP18.00$c5\1$e01-apr-2004$fGBP18.00$g0$hP$5Uk
=ACF  \\$aPrevious copyright fee: GBP22.00$c10\0$e01-jan-2006$fGBP22.00$g0$hP$5Uk
=ACF  \\$aPrevious copyright fee: GBP23.00$c29\0$e01-jan-2015$fGBP23.00$g0$hP$5Uk
=ACF  \\$aPrevious copyright fee: GBP24.00$c29\0$e01-jan-2016$fGBP24.00$g0$hP$5Uk
=ACF  \\$aPrevious copyright fee: GBP26.00$c29\0$e01-jan-2017$fGBP26.00$g0$hP$5Uk
=ACF  \\$aPrevious copyright fee: GBP27.00$c29\0$e01-jan-2018$fGBP27.00$g0$hP$5Uk
=ACF  \\$aPrevious copyright fee: GBP28.00$c29\0$e01-jan-2019$fGBP28.00$g0$hP$5Uk
=ACF  \\$aPrevious Copyright Fee: GBP29.00$c29\0$e01-jan-2020$fGBP29.00$g0$hP$5Uk
=CAT  \\$aCONV$b00$c20040425$lBLL90$h0712
=CAT  \\$a8411$b40$c20150119$lBLL01$h1201
=CAT  \\$a5110$b40$c20150316$lBLL01$h1338
=CAT  \\$aBATCH-UPD$b40$c20151119$lBLL01$h1551
=CAT  \\$aIPL-CLA$c20151231$lBLL01$h1918
=CAT  \\$aBATCH-UPD$b00$c20160524$lBLL01$h2209
=CAT  \\$aBATCH-UPD$b00$c20160525$lBLL01$h0013
=CAT  \\$aBATCH-UPD$b00$c20161122$lBLL01$h1520
=CAT  \\$aIPL-CLA$c20161230$lBLL01$h2113
=CAT  \\$aBATCH-UPD$b00$c20171121$lBLL01$h1703
=CAT  \\$aW1711-1005$c20171206$lBLL01$h1815
=CAT  \\$aIPL-CLA$c20171231$lBLL01$h1623
=CAT  \\$aBATCH-UPD$b00$c20181217$lBLL01$h1651
=CAT  \\$aIPL-CLA$c20181231$lBLL01$h1539
=CAT  \\$a15005$b40$c20191010$lBLL01$h1552
=CAT  \\$aR1911-1518$c20191206$lBLL01$h1405
=CAT  \\$aIPL-CLA$c20191231$lBLL01$h1922
=CAT  \\$a12654$b40$c20210426$lBLL01$h0838
=CAT  \\$aBATCH-UPD$b40$c20220308$lBLL01$h1727
=CAT  \\$aIPL-CLA$c20220331$lBLL01$h1951
=CAT  \\$a12654$b40$c20230131$lBLL01$h0758
=CAT  \\$aS2302-1302$c20230322$lBLL01$h1708
=CAT  \\$aS2302-1302$c20230323$lBLL01$h1443
=CAT  \\$aIPL-CLA$c20230331$lBLL01$h1546
=CAT  \\$aS2304-0519$c20230412$lBLL01$h1139
=CAT  \\$aBATCH-SUPP$c20230426$lBLL01$h1108
=CFI  0\$aCurrent Copyright Fee: GBP42.00$c29\0$e01-apr-2023$fGBP42.00$g0$hP$5Uk
=CFI  2\$aPrevious copyright fee: GBP32.00$c29\0$e01-apr-2022$fGBP32.00$g0$hP$5Uk
=EST  \\$a1
=FFP  \\$aY$bBLDSS-3PM
=FIN  \\$aY
=FMT  \\$a  SE
=LAS  \\$aBATCH-SUPP$b00$c20230426$lBLL01$h1108
=LEO  \\$aMP10.0000630248
=MNI  \\$a0378-1097
=SRC  \\$aDSS01$bbibmp10.200404.2.aa
=SRC  \\$aBLL02
=TCO  \\$aTRS$bCCC$c008
=TCO  \\$aCLA$bCLA$c008
=TOC  \\$aETOC
=UNO  \\$aY

