=LDR  05924cas a2201357 i 4500
=001  012432980
=003  Uk
=005  20230426110815.0
=006  m\\\\\o\\d\\\\\\\\
=007  cr\mnu||||||||
=008  010813c20019999enkbx\pso\\\\\0\\\a0eng\c
=010  \\$a2003233207
=015  \\$aGBB348822$2bnb
=019  c\$a102598827
=022  0\$a1567-1364$l1567-1356$y1567-1356$202
=035  \\$a(OCoLC)47773593$z(OCoLC)49515037
=037  2\$aISSN_15671356_2$bPortico$nWiley
=037  \\$afemsyr$bOxford University Press
=037  3\$aISSN_15671364$bPortico$nOxford University Press
=040  \\$aOH1$beng$cOH1$dOCLCQ$dGUA$dOCLCQ$dWAU$dOCLCQ$dMYG$dUBY$dGUA$dOCLCQ$dUk$erda
=042  \\$apcc$aukblsr$aissnuk
=050  10$aQR151
=082  04$a579.562$223
=130  0\$aFEMS yeast research (Online)
=222  \0$aFEMS yeast research$b(Online)
=245  10$aFEMS yeast research.
=246  30$aYeast research
=246  3\$aFederation of European Microbiological Societies yeast research
=260  \\$a[Amsterdam] ;$a[New York] :$bElsevier Science,$c2001-
=260  2\$a[Oxford] :$bBlackwell Publishing Ltd
=264  31$a[Oxford] :$bOxford University Press
=310  \\$aEight issues yearly
=321  \\$a5 no. a year,$b2002-
=321  \\$aThree no. a year,$b2001
=336  \\$atext$2rdacontent
=337  \\$acomputer$2rdamedia
=338  \\$aonline resource$2rdacarrier
=362  0\$aVol. 1, issue 1 (Apr. 2001)-
=500  \\$aTitle from contents screen (ScienceDirect, viewed Oct. 14, 2003).
=500  \\$aLatest issue consulted: Volume 15, issue 2 (March 2015) (Oxford Journals, viewed March 16, 2015).
=538  \\$aMode of access: World Wide Web.
=540  \\$aCurrent Copyright Fee: GBP42.00$c29\0$5Uk
=550  \\$aPublished on behalf of the Federation of European Microbiological Societies.
=595  \\$aSee also card index.
=650  \0$aYeast$vPeriodicals.
=650  12$aYeasts$vPeriodicals.
=710  2\$aFederation of European Microbiological Societies.
=776  08$iAlso issued in print as:$tFEMS yeast research$x1567-1356
=852  41$aBritish Library$bHMNTS$jELD Digital store$3Volume 13:Issue 1(2013)-***Previous issues available in print copy
=852  41$aBritish Library$bDSC$j3905.325000$3apr-2001 VOL 1 PART 1-Volume 20:Issue 8(2020)***See ESTAR for full holdings.
=856  \\$31850-9999$uhttp://onlinelibrary.wiley.com/$xBLDSS
=856  \\$uhttp://femsyr.oxfordjournals.org/content/
=856  40$uhttp://onlinelibrary.wiley.com/journal/10.1111/(ISSN)1567-1364
=856  40$uhttp://www.sciencedirect.com/science/journal/15671356
=856  40$uhttp://www.blackwell-synergy.com/rd.asp?goto=journal&code=fyr$zLink no longer available
=859  \\$aXLD$bejournal$cSFX
=859  \\$aELD$bejournal
=945  \\$aFEMS yeast research
=959  \\$aBritish Library$bDSC$j3905.325000
=959  \\$fCurrently available
=985  \\$aISSN responsibility taken by ISSN UK Centre from ISSN Netherlands, 26.04.2013.
=985  \\$aCONFERENCE ANALYTIC RECORDS EXIST
=A02  \\$a102598827
=ACF  \\$aCurrent copyright fee: GBP20.00$c5\1$e01-jan-2003$fGBP20.00$g0$hP$5Uk
=ACF  \\$aCurrent copyright fee: GBP15.00$c5\1$e01-jul-2002$fGBP15.00$g0$hP$5Uk
=ACF  \\$aPrevious copyright fee: GBP18.00$c5\1$e01-apr-2004$fGBP18.00$g0$hP$5Uk
=ACF  \\$aPrevious Copyright Fee: GBP22.00$c10\0$e01-jan-2006$fGBP22.00$g0$hP$5Uk
=ACF  \\$aPrevious copyright fee: GBP23.00$c29\0$e01-jan-2015$fGBP23.00$g0$hP$5Uk
=ACF  \\$aPrevious copyright fee: GBP24.00$c29\0$e01-jan-2016$fGBP24.00$g0$hP$5Uk
=ACF  \\$aPrevious copyright fee: GBP26.00$c29\0$e01-jan-2017$fGBP26.00$g0$hP$5Uk
=ACF  \\$aPrevious copyright fee: GBP27.00$c29\0$e01-jan-2018$fGBP27.00$g0$hP$5Uk
=ACF  \\$aPrevious copyright fee: GBP28.00$c29\0$e01-jan-2019$fGBP28.00$g0$hP$5Uk
=ACF  \\$aPrevious Copyright Fee: GBP29.00$c29\0$e01-jan-2020$fGBP29.00$g0$hP$5Uk
=CAT  \\$aCONV$b00$c20040425$lBLL90$h0712
=CAT  \\$a11316$b40$c20150507$lBLL01$h1602
=CAT  \\$aBATCH-UPD$b40$c20150907$lBLL01$h0331
=CAT  \\$aBATCH-UPD$b40$c20151119$lBLL01$h1551
=CAT  \\$aIPL-CLA$c20151231$lBLL01$h1918
=CAT  \\$aBATCH-UPD$b00$c20160524$lBLL01$h2209
=CAT  \\$aBATCH-UPD$b00$c20160525$lBLL01$h0013
=CAT  \\$aBATCH-UPD$b00$c20161122$lBLL01$h1520
=CAT  \\$aIPL-CLA$c20161230$lBLL01$h2113
=CAT  \\$aBATCH-UPD$b00$c20171121$lBLL01$h1703
=CAT  \\$aW1711-1005$c20171206$lBLL01$h1815
=CAT  \\$aIPL-CLA$c20171231$lBLL01$h1623
=CAT  \\$aBATCH-UPD$b00$c20181217$lBLL01$h1651
=CAT  \\$aIPL-CLA$c20181231$lBLL01$h1539
=CAT  \\$a15005$b40$c20191010$lBLL01$h1558
=CAT  \\$aR1911-1518$c20191206$lBLL01$h1405
=CAT  \\$aIPL-CLA$c20191231$lBLL01$h1922
=CAT  \\$a12654$b40$c20210426$lBLL01$h0855
=CAT  \\$aBATCH-UPD$b40$c20220308$lBLL01$h1727
=CAT  \\$aIPL-CLA$c20220331$lBLL01$h1951
=CAT  \\$a12654$b40$c20230131$lBLL01$h0827
=CAT  \\$aS2302-1302$c20230322$lBLL01$h1708
=CAT  \\$aS2302-1302$c20230323$lBLL01$h1443
=CAT  \\$aIPL-CLA$c20230331$lBLL01$h1546
=CAT  \\$aS2304-0519$c20230412$lBLL01$h1139
=CAT  \\$aBATCH-SUPP$c20230426$lBLL01$h1108
=CFI  0\$aCurrent Copyright Fee: GBP42.00$c29\0$e01-apr-2023$fGBP42.00$g0$hP$5Uk
=CFI  2\$aPrevious copyright fee: GBP32.00$c29\0$e01-apr-2022$fGBP32.00$g0$hP$5Uk
=EST  \\$a1
=FFP  \\$aY$bBLDSS-3PM
=FIN  \\$aY
=FMT  \\$a  SE
=LAS  \\$aBATCH-SUPP$b00$c20230426$lBLL01$h1108
=LEO  \\$aMP10.0000630250
=LET  \0$aFEMS yeast research (Electronic)
=LKR  \\$aPAR$b008528161$lBLL01$r776$mFEMS yeast research (Online)$nFEMS yeast research (Print)
=MNI  \\$a1567-1356
=SID  \\$aZ39$bOCLC
=SRC  \\$aDSS01$bbibmp10.200404.2.aa
=TCO  \\$aNLD$bSTICHTING REPRORECHT$c008
=TCO  \\$aCLA$bCLA$c008
=TOC  \\$aETOC
=UNO  \\$aY

