=LDR  05208cas a2201213 a 4500
=001  012433039
=003  Uk
=005  20230426110816.0
=006  m\\\\\o\\d\\\\\\\\
=007  cr\cnu||||||||
=008  040410c19879999enkqr\p\o\\\\\0\\\a0eng\\
=015  \\$aGBB370738$2bnb
=019  c\$a102333823
=022  0\$a1477-4542$202
=037  \\$afrench$bOxford University Press
=037  3\$aISSN_02691191$bPortico$nOxford University Press
=040  \\$aUk$cUk$dUk
=042  \\$aukblsr$aissnuk
=082  04$a944$223
=130  0\$aFrench history (Online)
=222  \0$aFrench history$b(Online)
=245  10$aFrench history$h[electronic resource].
=260  \\$aOxford, UK :$bOxford University Press
=310  \\$aQuarterly
=336  \\$atext$2rdacontent
=337  \\$acomputer$2rdamedia
=338  \\$aonline resource$2rdacarrier
=362  1\$aPrint began with vol. 1, no. 1 (Mar. 1987).
=538  \\$aMode of access: World Wide Web.
=540  \\$aCurrent Copyright Fee: GBP42.00$c29\0$5Uk
=550  \\$aIssued by: Society for the Study of French History, 1987-<1998>.
=588  \\$aDescription based on print record.
=588  \\$aLatest issue consulted: volume 27, issue 4 (December 2013) (Oxford Journals, viewed January 20, 2014).
=651  \0$aFrance$xHistory$vPeriodicals.
=710  2\$aSociety for the Study of French History.
=776  08$iAlso issued in print as:$tFrench history$x0269-1191
=852  41$aBritish Library$bHMNTS$jELD Digital store$3Volume 28:Number 1(2014:Mar.)-***Previous issues available in print copy
=852  41$aBritish Library$bDSC$j4034.310000$3dec-2001 VOL 15 PART 4-Volume 33:Issue 3(2019)***See ESTAR for full holdings.
=856  \\$31850-9999$uhttp://ukcatalogue.oup.com/$xBLDSS
=856  4\$uhttp://ejournals.ebsco.com/direct.asp?JournalID=108614
=856  40$uhttp://fh.oxfordjournals.org/
=856  40$uhttp://www3.oup.co.uk/french/contents/
=859  \\$aXLD$bejournal$cSFX
=859  \\$aELD$bejournal
=945  \\$aFRENCH HISTORY.
=959  \\$fCurrently available
=963  \\$aVOL. 1, 1987- *A=1$bY$cP560.C.69
=979  \\$aBritish Library$bDSC$j4034.310000
=985  \\$aCorrected by BSS-generated file for WR# 08/157
=A02  \\$a102333823
=ACF  \\$aPrevious copyright fee: GBP12.00$c29\0$e01-jan-2004$fGBP12.00$g0$hP$5Uk
=ACF  \\$aCurrent copyright fee: GBP8.00$c29\0$e01-apr-2002$fGBP8.00$g0$hP$5Uk
=ACF  \\$aCurrent copyright fee: GBP8.00$c0$e01-jul-2001$fGBP8.00$g0$hC$5Uk
=ACF  \\$aPrevious copyright fee: GBP13.00$c29\0$e01-jan-2006$fGBP13.00$g0$hP$5Uk
=ACF  \\$aPrevious copyright fee: GBP14.00$c29\0$e01-jan-2008$fGBP14.00$g0$hP$5Uk
=ACF  \\$aPrevious copyright fee: GBP20.00$c29\0$e01-jan-2013$fGBP20.00$g0$hP$5Uk
=ACF  \\$aPrevious copyright fee: GBP23.00$c29\0$e01-jan-2015$fGBP23.00$g0$hP$5Uk
=ACF  \\$aPrevious copyright fee: GBP24.00$c29\0$e01-jan-2016$fGBP24.00$g0$hP$5Uk
=ACF  \\$aPrevious copyright fee: GBP26.00$c29\0$e01-jan-2017$fGBP26.00$g0$hP$5Uk
=ACF  \\$aPrevious copyright fee: GBP27.00$c29\0$e01-jan-2018$fGBP27.00$g0$hP$5Uk
=ACF  \\$aPrevious copyright fee: GBP28.00$c29\0$e01-jan-2019$fGBP28.00$g0$hP$5Uk
=ACF  \\$aPrevious Copyright Fee: GBP29.00$c29\0$e01-jan-2020$fGBP29.00$g0$hP$5Uk
=CAT  \\$aCONV$b00$c20040425$lBLL90$h0712
=CAT  \\$aBATCH-UPD$b00$c20151119$lBLL01$h1551
=CAT  \\$aIPL-CLA$c20151231$lBLL01$h1918
=CAT  \\$aBATCH-UPD$b00$c20160524$lBLL01$h2209
=CAT  \\$aBATCH-UPD$b00$c20160525$lBLL01$h0013
=CAT  \\$aBATCH-UPD$b00$c20161122$lBLL01$h1520
=CAT  \\$aIPL-CLA$c20161230$lBLL01$h2113
=CAT  \\$aBATCH-UPD$b00$c20171121$lBLL01$h1703
=CAT  \\$aW1711-1005$c20171206$lBLL01$h1815
=CAT  \\$aIPL-CLA$c20171231$lBLL01$h1623
=CAT  \\$aBATCH-UPD$b00$c20181217$lBLL01$h1651
=CAT  \\$aIPL-CLA$c20181231$lBLL01$h1539
=CAT  \\$aW1910-0530$c20191007$lBLL01$h1114
=CAT  \\$aR1911-1518$c20191206$lBLL01$h1405
=CAT  \\$aIPL-CLA$c20191231$lBLL01$h1922
=CAT  \\$a12654$b40$c20210426$lBLL01$h0901
=CAT  \\$a5410$b40$c20211103$lBLL01$h0829
=CAT  \\$a5410$b40$c20211105$lBLL01$h1401
=CAT  \\$aBATCH-UPD$b40$c20220308$lBLL01$h1727
=CAT  \\$aIPL-CLA$c20220331$lBLL01$h1951
=CAT  \\$a12654$b40$c20230131$lBLL01$h1205
=CAT  \\$aS2302-1302$c20230322$lBLL01$h1708
=CAT  \\$aS2302-1302$c20230323$lBLL01$h1443
=CAT  \\$aIPL-CLA$c20230331$lBLL01$h1546
=CAT  \\$aS2304-0519$c20230412$lBLL01$h1139
=CAT  \\$aBATCH-SUPP$c20230426$lBLL01$h1108
=CFI  0\$aCurrent Copyright Fee: GBP42.00$c29\0$e01-apr-2023$fGBP42.00$g0$hP$5Uk
=CFI  2\$aPrevious copyright fee: GBP32.00$c29\0$e01-apr-2022$fGBP32.00$g0$hP$5Uk
=EST  \\$a1
=FFP  \\$aY$bBLDSS-3PM
=FIN  \\$aY
=FMT  \\$a  SE
=LAS  \\$aBATCH-SUPP$b00$c20230426$lBLL01$h1108
=LEO  \\$aMP22.0000069190
=LEO  \\$aMP10.0000630309
=LKR  \\$aPAR$b011818964$lBLL01$r7761$mFrench history (Online)$nFrench history (Print)
=MNI  \\$a0269-1191
=SRC  \\$aISN01$bbibmp22.200404.2.aa
=SRC  \\$aDSS01$bbibmp10.200404.2.aa
=TCO  \\$aCLA$bCLA$c008
=TOC  \\$aETOC
=UNO  \\$aY

