=LDR  06355cas a2201345 a 4500
=001  012433096
=003  Uk
=005  20230426110816.0
=006  m\\\\\o\\d\\\\\\\\
=007  cr\cn|||||||||
=008  011113c19899999enkmr\pso\\\\\0\\\a0eng\c
=010  \\$a2002238576
=015  \\$aGBB409453$2bnb
=019  c\$a102403693
=022  0\$a1365-246X$202
=035  \\$a(OCoLC)48413162$z(OCoLC)39265450
=037  \\$agji$bOxford University Press
=037  3\$aISSN_0956540X_4$bPortico$nOxford University Press
=040  \\$aWYU$beng$cWYU$dOCLCQ$dIUL$dOCLCQ$dF#A$dOCLCQ$dUQ1$dEEM$dOCLCQ$dUk
=042  \\$aukblsr$aissnuk
=050  14$aQC801
=082  04$a550$223
=130  0\$aGeophysical journal international (Online)
=210  0\$aGeophys. j. int.$b(Online)
=222  \0$aGeophysical journal international$b(Online)
=245  10$aGeophysical journal international$h[electronic resource].
=246  13$aGJI
=260  \\$a[Oxford] :$bBlackwell Science,$c1989-
=264  31$32013-$aOxford :$bOxford University Press
=310  \\$aMonthly
=336  \\$atext$2rdacontent
=337  \\$acomputer$2rdamedia
=338  \\$aonline resource$2rdacarrier
=362  1\$aBegan with: V. 98, no. 1 (July 1989).
=530  \\$aAlso issued in print.
=540  \\$aCurrent Copyright Fee: GBP13.00$c29\0$5Uk
=550  \\$aPublished on behalf of: the Royal Astronomical Society, the Deutsche Geophysikalische Gesellschaft, and the European Geophysical Society.
=588  \\$aDescription based on: Vol. 132, issue 1 (Jan. 1998); title from introductory page, viewed May 30, 2002.
=588  \\$aLatest issue consulted: volume 193, issue 3 (June 2013); (Oxford Journals website, viewed June 6, 2013).
=595  \\$aFormerly 4150.700000 up to Volume 97 (1989). See also 4150.690000 for other CUL holdings. See also Serial Records GEOL-CAND MET.
=650  \0$aGeophysics$vPeriodicals.
=710  2\$aRoyal Astronomical Society.
=710  2\$aDeutsche Geophysikalische Gesellschaft.
=710  2\$aEuropean Geophysical Society.
=776  08$iPrint version:$tGeophysical journal international$x0956-540X
=780  00$tGeophysical journal of the RAS, DGG, and EGS
=852  41$aBritish Library$bDSC$j4150.800000$3Volume 16:Issue 1(1968)-Volume 198:Issue 2(2014)***See ESTAR for full holdings.
=852  41$aBritish Library$bHMNTS$jELD Digital store$3Volume 196:Issue 1(2014:Jan.)-***Previous issues available in print copy
=856  \\$31850-9999$uhttp://ukcatalogue.oup.com/$xBLDSS
=856  4\$uhttp://firstsearch.oclc.org$zAddress for accessing the journal using authorization number and password through OCLC FirstSearch Electronic Collections Online
=856  4\$uhttp://firstsearch.oclc.org/journal=0956-540x;screen=info;ECOIP$zAddress for accessing the journal from an authorized IP address through OCLC FirstSearch Electronic Collections Online
=856  4\$uhttp://www.blackwell-synergy.com/issuelist.asp?journal=gji
=856  40$uhttp://gji.oxfordjournals.org/
=856  40$uhttp://www3.interscience.wiley.com/journal/118543048/home
=859  \\$aXLD$bejournal$cSFX
=859  \\$aELD$bejournal
=945  \\$aGeophysical journal international
=959  \\$fCurrently available
=A02  \\$a102403693
=ACF  \\$aCurrent copyright fee: GBP13.00$c10\0$e01-apr-2003$fGBP13.00$g0$hP$5Uk
=ACF  \\$aCurrent copyright fee: GBP13.00$c10\4$e01-jan-2002$fGBP13.00$g0$hP$5Uk
=ACF  \\$aPrevious copyright fee: GBP20.00$c29\0$e21-mar-2013$fGBP20.00$g0$hP$5Uk
=ACF  \\$aPrevious copyright fee: GBP22.00$c10\0$e01-jan-2006$fGBP22.00$g0$hP$5Uk
=ACF  \\$aPrevious copyright fee: GBP15.00$c10\0$e01-apr-2004$fGBP15.00$g0$hP$5Uk
=ACF  \\$aPrevious copyright fee: GBP14.00$c29\0$e30-sep-2013$fGBP14.00$g0$hP$5Uk
=ACF  \\$aPrevious copyright fee: GBP16.00$c29\0$e01-jan-2015$fGBP16.00$g0$hP$5Uk
=ACF  \\$aPrevious copyright fee: GBP17.00$c29\0$e01-jan-2016$fGBP17.00$g0$hP$5Uk
=ACF  \\$aPrevious copyright fee: GBP18.00$c29\0$e01-jan-2017$fGBP18.00$g0$hP$5Uk
=ACF  \\$aPrevious copyright fee: GBP19.00$c29\0$e01-jan-2018$fGBP19.00$g0$hP$5Uk
=ACF  \\$aPrevious copyright fee: GBP20.00$c29\0$e01-jan-2019$fGBP20.00$g0$hP$5Uk
=ACF  \\$aPrevious Copyright Fee: GBP10.00$c29\0$e01-jan-2020$fGBP10.00$g0$hP$5Uk
=CAT  \\$aCONV$b00$c20040425$lBLL90$h0712
=CAT  \\$aIPL-CLA$c20141231$lBLL01$h1650
=CAT  \\$aBATCH-UPD$b00$c20151119$lBLL01$h1553
=CAT  \\$aBATCH-UPD$b00$c20151119$lBLL01$h1554
=CAT  \\$aBATCH-UPD$b00$c20151213$lBLL01$h1327
=CAT  \\$aIPL-CLA$c20151231$lBLL01$h1918
=CAT  \\$aBATCH-UPD$b00$c20160524$lBLL01$h2209
=CAT  \\$aBATCH-UPD$b00$c20160525$lBLL01$h0013
=CAT  \\$aBATCH-UPD$b00$c20161122$lBLL01$h1516
=CAT  \\$aIPL-CLA$c20161230$lBLL01$h2113
=CAT  \\$aBATCH-UPD$b00$c20171121$lBLL01$h1659
=CAT  \\$aW1711-1005$c20171206$lBLL01$h1815
=CAT  \\$aIPL-CLA$c20171231$lBLL01$h1623
=CAT  \\$aBATCH-UPD$b00$c20181217$lBLL01$h1654
=CAT  \\$aIPL-CLA$c20181231$lBLL01$h1540
=CAT  \\$aW1910-0530$c20191007$lBLL01$h1114
=CAT  \\$aR1911-1518$c20191206$lBLL01$h1433
=CAT  \\$aIPL-CLA$c20191231$lBLL01$h1922
=CAT  \\$aBATCH-UPD$b00$c20220308$lBLL01$h1738
=CAT  \\$aIPL-CLA$c20220331$lBLL01$h1951
=CAT  \\$a12654$b40$c20230131$lBLL01$h1336
=CAT  \\$aS2302-1302$c20230322$lBLL01$h1708
=CAT  \\$aS2302-1302$c20230323$lBLL01$h1443
=CAT  \\$aIPL-CLA$c20230331$lBLL01$h1546
=CAT  \\$aS2304-0519$c20230412$lBLL01$h1139
=CAT  \\$aBATCH-SUPP$c20230426$lBLL01$h1108
=CFI  0\$aCurrent Copyright Fee: GBP13.00$c29\0$e01-apr-2023$fGBP13.00$g0$hP$5Uk
=CFI  2\$aPrevious copyright fee: GBP11.00$c29\0$e01-apr-2022$fGBP11.00$g0$hP$5Uk
=EST  \\$a1
=FFP  \\$aY$bBLDSS-3PM
=FIN  \\$aY
=FMT  \\$a  SE
=LAS  \\$aBATCH-SUPP$b00$c20230426$lBLL01$h1108
=LEO  \\$aMP22.0000051937
=LEO  \\$aMP10.0000630366
=LET  \0$aGeophysical journal international (Online)
=LKR  \\$aPAR$b012751085$lBLL01$r776$mGeophysical journal international (Online)$nGeophysical journal international (Print)
=MNI  \\$a0956-540X
=SID  \\$aZ39$bOCLC
=SRC  \\$aISN01$bbibmp22.200404.2.aa
=SRC  \\$aDSS01$bbibmp10.200404.2.aa
=TCO  \\$aCLA$bCLA$c008
=TOC  \\$aETOC
=UNO  \\$aY

