=LDR  05244cas a2201189 i 4500
=001  012433139
=003  Uk
=005  20230426110816.0
=006  m\\\\\|\\d\|\\\\\\
=007  cr\|||||||||||
=008  040410c19869999enkbr\p\s\\\\\0\\\a0eng\\
=015  \\$aGBB409477$2bnb
=019  c\$a102299974
=022  0\$a1465-3648$202
=037  \\$ahealed$bOxford University Press
=037  3\$aISSN_02681153$bPortico$nOxford University Press
=040  \\$aUk$beng$cUk$dUk$erda
=042  \\$aissnuk$aukblsr
=082  04$a613.071$223
=210  0\$aHealth educ. res.$b(Online)
=222  \0$aHealth education research$b(Online)
=245  00$aHealth education research.
=260  \\$aOxford :$bIRL,$c1986-
=264  31$aOxford, UK :$bOxford University Press
=310  \\$aBi-monthly
=336  \\$atext$2rdacontent
=337  \\$acomputer$2rdamedia
=338  \\$aonline resource$2rdacarrier
=362  1\$aPrint began with: Vol. 1, no. 1 (Apr. 1986).
=540  \\$aCurrent Copyright Fee: GBP42.00$c29\0$5Uk
=550  \\$aOfficial research journal of the International Union for Health Promotion and Education.
=588  \\$aDescription based on print version record.
=588  \\$aLatest issue consulted: volume 29, number 1 (Febraury 2014) (Oxford Journals, viewed Janary 24, 2014).
=650  \0$aHealth education$vPeriodicals.
=650  \0$aHealth education$xStudy and teaching$vPeriodicals.
=710  2\$aInternational Union for Health Promotion and Education,$eissuing body.
=776  08$iAlso issued in print as:$tHealth education research$x0268-1153
=852  41$aBritish Library$bHMNTS$jELD Digital store$3Volume 29:Issue 1(2014)-***Previous issues available in print copy
=852  41$aBritish Library$bDSC$j4275.011440$3Volume 13:Issue 1(1998)-Volume 35:Issue 1(2020)***See ESTAR for full holdings.
=856  \\$31850-9999$uhttp://ukcatalogue.oup.com/$xBLDSS
=856  40$uhttp://her.oupjournals.org/
=859  \\$aXLD$bejournal$cSFX
=859  \\$aELD$bejournal
=945  \\$aHEALTH EDUCATION RESEARCH.
=959  \\$fCurrently available
=963  \\$aVOL. 1, 1986- *A=1$bN$cL334.C.249
=979  \\$aBritish Library$bDSC$j4275.011440
=985  \\$aCorrected by MS generated file for WR# 12.018
=A02  \\$a102299974
=ACF  \\$aPrevious copyright fee: GBP12.00$c29\0$e01-jan-2004$fGBP12.00$g0$hP$5Uk
=ACF  \\$aCurrent copyright fee: GBP8.00$c29\0$e01-apr-2002$fGBP8.00$g0$hP$5Uk
=ACF  \\$aCurrent copyright fee: GBP10.00$c0$e01-jul-2001$fGBP10.00$g0$hC$5Uk
=ACF  \\$aPrevious copyright fee: GBP13.00$c29\0$e01-jan-2006$fGBP13.00$g0$hP$5Uk
=ACF  \\$aPrevious copyright fee: GBP14.00$c29\0$e01-jan-2008$fGBP14.00$g0$hP$5Uk
=ACF  \\$aPrevious copyright fee: GBP20.00$c29\0$e01-jan-2013$fGBP20.00$g0$hP$5Uk
=ACF  \\$aPrevious copyright fee: GBP23.00$c29\0$e01-jan-2015$fGBP23.00$g0$hP$5Uk
=ACF  \\$aPrevious copyright fee: GBP24.00$c29\0$e01-jan-2016$fGBP24.00$g0$hP$5Uk
=ACF  \\$aPrevious copyright fee: GBP26.00$c29\0$e01-jan-2017$fGBP26.00$g0$hP$5Uk
=ACF  \\$aPrevious copyright fee: GBP27.00$c29\0$e01-jan-2018$fGBP27.00$g0$hP$5Uk
=ACF  \\$aPrevious copyright fee: GBP28.00$c29\0$e01-jan-2019$fGBP28.00$g0$hP$5Uk
=ACF  \\$aPrevious Copyright Fee: GBP29.00$c29\0$e01-jan-2020$fGBP29.00$g0$hP$5Uk
=CAT  \\$aCONV$b00$c20040425$lBLL90$h0712
=CAT  \\$aBATCH-UPD$b00$c20150820$lBLL01$h1402
=CAT  \\$aBATCH-UPD$b00$c20151119$lBLL01$h1551
=CAT  \\$aIPL-CLA$c20151231$lBLL01$h1918
=CAT  \\$aBATCH-UPD$b00$c20160524$lBLL01$h2209
=CAT  \\$aBATCH-UPD$b00$c20160525$lBLL01$h0013
=CAT  \\$aBATCH-UPD$b00$c20161122$lBLL01$h1520
=CAT  \\$aIPL-CLA$c20161230$lBLL01$h2113
=CAT  \\$aBATCH-UPD$b00$c20171121$lBLL01$h1703
=CAT  \\$aW1711-1005$c20171206$lBLL01$h1815
=CAT  \\$aIPL-CLA$c20171231$lBLL01$h1623
=CAT  \\$aBATCH-UPD$b00$c20181217$lBLL01$h1651
=CAT  \\$aIPL-CLA$c20181231$lBLL01$h1540
=CAT  \\$aW1910-0530$c20191007$lBLL01$h1114
=CAT  \\$aR1911-1518$c20191206$lBLL01$h1405
=CAT  \\$aIPL-CLA$c20191231$lBLL01$h1922
=CAT  \\$a12654$b40$c20210426$lBLL01$h0913
=CAT  \\$a5410$b40$c20220209$lBLL01$h1049
=CAT  \\$aBATCH-UPD$b40$c20220308$lBLL01$h1727
=CAT  \\$aIPL-CLA$c20220331$lBLL01$h1951
=CAT  \\$a12654$b40$c20230131$lBLL01$h1456
=CAT  \\$aS2302-1302$c20230322$lBLL01$h1708
=CAT  \\$aS2302-1302$c20230323$lBLL01$h1443
=CAT  \\$aIPL-CLA$c20230331$lBLL01$h1546
=CAT  \\$aS2304-0519$c20230412$lBLL01$h1139
=CAT  \\$aBATCH-SUPP$c20230426$lBLL01$h1108
=CFI  0\$aCurrent Copyright Fee: GBP42.00$c29\0$e01-apr-2023$fGBP42.00$g0$hP$5Uk
=CFI  2\$aPrevious copyright fee: GBP32.00$c29\0$e01-apr-2022$fGBP32.00$g0$hP$5Uk
=EST  \\$a1
=FFP  \\$aY$bBLDSS-3PM
=FIN  \\$aY
=FMT  \\$a  SE
=LAS  \\$aBATCH-SUPP$b00$c20230426$lBLL01$h1108
=LEO  \\$aMP10.0000630409
=LET  \0$aHealth education research (Electronic)
=LKR  \\$aPAR$b011814339$lBLL01$nHealth education research (Print)$mHealth education research (Online)$r776
=MNI  \\$a0268-1153
=SRC  \\$aDSS01$bbibmp10.200404.2.aa
=TCO  \\$aCLA$bCLA$c008
=TOC  \\$aETOC
=UNO  \\$aY

