=LDR  05394cas a2201225 a 4500
=001  012433167
=003  Uk
=005  20230426110816.0
=006  m\\\\\o\\d\\\\\\\\
=007  cr\mnu||||||||
=008  040410c19879999enkqr\pso\\\\\0\\\a0eng\\
=015  \\$aGBB349387$2bnb
=019  c\$a102329622
=022  0\$a1468-2281$y0950-3471$l0950-3471$202
=037  \\$aISSN_09503471$bPortico$nWiley
=037  3\$aISSN_09503471_4$bPortico$nOxford University Press
=040  \\$aUk$cUk$dUk
=042  \\$aukblsr$aissnuk
=082  04$a907.2$219
=130  0\$aHistorical research (Online)
=210  0\$aHist. res.$b(Online)
=222  \0$aHistorical research$b(Online)
=245  10$aHistorical research$h[electronic resource].
=260  \\$a[Oxford] :$bBlackwell Publishers
=264  31$32020-$a[Oxford] :$bOxford University Press
=310  \\$aQuarterly,$bFeb. 2001-
=336  \\$atext$2rdacontent
=337  \\$acomputer$2rdamedia
=338  \\$aonline resource$2rdacarrier
=362  1\$aPrint began with vol. 60, no. 141 (Feb. 1987).
=538  \\$aMode of access: World Wide Web.
=540  \\$aCurrent Copyright Fee: GBP42.00$c29\0$5Uk
=588  \\$aLatest issue consulted: volume 93, issue 261 (August 2020) (Oxford Academic website, viewed October 21, 2020).
=595  \\$aFORMERLY 2580.595 UP TO VOL. 59//NO. 140, 1986.
=650  \0$aHistory$vPeriodicals.
=650  \0$aHistory$xMethodology$vPeriodicals.
=710  2\$aUniversity of London.$bInstitute of Historical Research.
=776  08$iPrint version:$tHistorical research$x0950-3471
=780  00$tBulletin of the Institute of Historical Research
=852  41$aBritish Library$bHMNTS$jELD Digital store$3Volume 86:Issue 231(2013:Feb.)-***Previous issues available in print copy
=852  41$aBritish Library$bDSC$j4316.800000$3Volume 2:Issue 6(1925)-Volume 92:Issue 258(2019)***See ESTAR for full holdings.
=856  \\$31850-9999$uhttp://onlinelibrary.wiley.com/$xBLDSS
=856  40$uhttps://academic.oup.com/histres
=856  40$uhttp://onlinelibrary.wiley.com/journal/10.1111/(ISSN)1468-2281
=859  \\$aXLD$bejournal$cSFX
=859  \\$aELD$bejournal
=945  \\$aHISTORICAL RESEARCH -OXFORD-.
=959  \\$fCurrently available
=963  \\$aVOL. 60, 1987- *A=1$bY$cRCS.PER.507
=964  \\$aVOL. 60//NO. 141, 1987- *A=1$c93$eTL4785
=979  \\$aBritish Library$bDSC$j4316.800000
=985  \\$aISSN UK Centre: record suggested this was transferred to US as part of Wiley transfers in 2017 but Portal never updated. UK Coding re-added to record 16.9.2020, now published by OUP (US Center notified).
=985  \\$aPublisher details amended during Covid 2020/WFH.
=A02  \\$a102329622
=ACF  \\$aPrevious copyright fee: GBP16.00$c10\0$e01-jan-2006$fGBP16.00$g0$hP$5Uk
=ACF  \\$aPrevious copyright fee: GBP15.00$c10\0$e01-apr-2004$fGBP15.00$g0$hP$5Uk
=ACF  \\$aCurrent copyright fee: GBP13.00$c10\0$e01-apr-2003$fGBP13.00$g0$hP$5Uk
=ACF  \\$aCurrent copyright fee: GBP13.00$c10\6$e01-apr-2002$fGBP13.00$g0$hP$5Uk
=ACF  \\$aPrevious copyright fee: GBP17.00$c10\0$e01-jan-2009$fGBP17.00$g0$hP$5Uk
=ACF  \\$aPrevious copyright fee: GBP22.00$c10\0$e01-jan-2011$fGBP22.00$g0$hP$5Uk
=ACF  \\$aPrevious copyright fee: GBP24.00$c10\0$e01-mar-2015$fGBP24.00$g0$hP$5Uk
=ACF  \\$aPrevious copyright fee: GBP24.00$c35\0$e07-mar-2017$fGBP24.00$g0$hP$5Uk
=ACF  \\$aPrevious copyright fee: GBP28.00$c35\0$e01-jan-2019$fGBP28.00$g0$hP$5Uk
=ACF  \\$aPrevious copyright fee: GBP29.00$c29\0$e01-jan-2020$fGBP29.00$g0$hP$5Uk
=CAT  \\$aCONV$b00$c20040425$lBLL90$h0713
=CAT  \\$a10806$b40$c20171030$lBLL01$h1453
=CAT  \\$aW1711-1005$c20171206$lBLL01$h1815
=CAT  \\$aBATCH-UPD$b00$c20180219$lBLL01$h1744
=CAT  \\$a8055$b40$c20180718$lBLL01$h1343
=CAT  \\$aBATCH-UPD$b40$c20181121$lBLL01$h1620
=CAT  \\$aIPL-CLA$c20181231$lBLL01$h1540
=CAT  \\$a15005$b40$c20191026$lBLL01$h0817
=CAT  \\$a5552$b40$c20191120$lBLL01$h1211
=CAT  \\$aIPL-CLA$c20191231$lBLL01$h1922
=CAT  \\$a8055$b40$c20200120$lBLL01$h1415
=CAT  \\$a5410$b40$c20200122$lBLL01$h1415
=CAT  \\$a11315$b40$c20200916$lBLL01$h1228
=CAT  \\$a10973$b40$c20200916$lBLL01$h1429
=CAT  \\$a10973$b40$c20200916$lBLL01$h1431
=CAT  \\$a8483$b40$c20201021$lBLL01$h0848
=CAT  \\$a10983$b40$c20210806$lBLL01$h1402
=CAT  \\$aBATCH-UPD$b40$c20220308$lBLL01$h1727
=CAT  \\$aIPL-CLA$c20220331$lBLL01$h1951
=CAT  \\$a5410$b40$c20221008$lBLL01$h1144
=CAT  \\$a12654$b40$c20230201$lBLL01$h0814
=CAT  \\$aS2302-1302$c20230322$lBLL01$h1708
=CAT  \\$aS2302-1302$c20230323$lBLL01$h1443
=CAT  \\$aIPL-CLA$c20230331$lBLL01$h1546
=CAT  \\$aS2304-0519$c20230412$lBLL01$h1139
=CAT  \\$aBATCH-SUPP$c20230426$lBLL01$h1108
=CFI  0\$aCurrent Copyright Fee: GBP42.00$c29\0$e01-apr-2023$fGBP42.00$g0$hP$5Uk
=CFI  2\$aPrevious copyright fee: GBP32.00$c29\0$e01-apr-2022$fGBP32.00$g0$hP$5Uk
=EST  \\$a1
=FFP  \\$aY$bBLDSS-3PM
=FIN  \\$aY
=FMT  \\$a  SE
=LAS  \\$aBATCH-SUPP$b00$c20230426$lBLL01$h1108
=LEO  \\$aMP10.0000630437
=LEO  \\$aMP22.0000062418
=MNI  \\$a0950-3471
=SRC  \\$aISN01$bbibmp22.200404.2.aa
=SRC  \\$aDSS01$bbibmp10.200404.2.aa
=TCO  \\$aCLA$bCLA$c008
=TOC  \\$aETOC
=UNO  \\$aY

