=LDR  05271cas a2201201 a 4500
=001  012433179
=003  Uk
=005  20230426110816.0
=006  m\\\\\\\\d\\\\\\\\
=007  cr\unu||||||||
=008  040410c19749999enkqr\pso\\\\\0\\\a0eng\\
=015  \\$aGBB349096$2bnb
=019  c\$a102079959
=022  0\$a1468-2958$l0360-3989$y0360-3989$202
=037  \\$aISSN_03603989$bPortico$nWiley
=037  2\$ahumcom$bOxford University Press
=037  3\$aISSN_03603989_4$bPortico$nOxford University Press
=040  \\$aUk$beng$cUk$dUk
=042  \\$aukblsr$aissnuk
=082  04$a302.2$223
=130  0\$aHuman communication research (Online)
=222  \0$aHuman communication research$b(Online)
=245  10$aHuman communication research$h[electronic resource].
=260  \\$aOxford, U.K. :$bOxford University Press
=260  2\$aHoboken, NJ :$bWiley-Blackwell Publishing, Inc.
=264  31$32018-$aCary, NC :$bOxford University Press
=310  \\$aQuarterly
=336  \\$atext$2rdacontent
=337  \\$acomputer$2rdamedia
=338  \\$aonline resource$2rdacarrier
=362  1\$aPrint began with vol. 1, no. 1 (Sept. 1974).
=530  \\$aAlso issued in print.
=538  \\$aMode of access: World Wide Web.
=540  \\$aCurrent Copyright Fee: GBP32.00$c29\0$5Uk
=550  \\$aPublished on behalf of the International Communication Association.
=588  \\$aLatest issue consulted: volume 45, number 1 (January 2019) (Oxford Academic, viewed April 17, 2019).
=595  \\$aSEE ALSO CARD INDEX.
=650  \0$aCommunication$vPeriodicals.
=710  2\$aInternational Communication Association.
=776  1\$tHuman communication research$x0360-3989
=852  41$aBritish Library$bDSC$j4336.043000$3Volume 18:Issue 4(1992)-Volume 48:Issue 2(2022)***See ESTAR for full holdings.
=852  41$aBritish Library$bHMNTS$jELD Digital store$3Volume 39:Number 1(2013:Jan.)-***Previous issues available in print copy
=856  \\$31850-9999$uhttp://onlinelibrary.wiley.com/$xBLDSS
=856  40$uhttp://onlinelibrary.wiley.com/journal/10.1111/(ISSN)1468-2958
=856  40$uhttps://academic.oup.com/hcr
=859  \\$aELD$bejournal
=859  \\$aXLD$bejournal$cSFX
=945  \\$aHuman communication research
=959  \\$fCurrently available
=979  \\$aBritish Library$bDSC$j4336.043000
=985  \\$aISSN responsibility transferred to U.S. ISSN Center from ISSN UK Centre, Wiley, Multinational Publisher List, Summer 2017.
=985  \\$aISSN responsibility transferred from U.S. to UK, 17/04/19.
=A02  \\$a102079959
=ACF  \\$aPrevious Copyright Fee: GBP16.00$c10\0$e01-jan-2006$fGBP16.00$g0$hP$5Uk
=ACF  \\$aPrevious copyright fee: GBP15.00$c29\0$e01-jan-2004$fGBP15.00$g0$hP$5Uk
=ACF  \\$aCurrent copyright fee: GBP10.00$c29\0$e01-apr-2002$fGBP10.00$g0$hP$5Uk
=ACF  \\$aPrevious copyright fee: GBP10.00$c0$e01-jul-2001$fGBP10.00$g0$hC$5Uk
=ACF  \\$aPrevious copyright fee: GBP17.00$c10\0$e01-jan-2009$fGBP17.00$g0$hP$5Uk
=ACF  \\$aPrevious copyright fee: GBP22.00$c10\0$e01-jan-2011$fGBP22.00$g0$hP$5Uk
=ACF  \\$aPrevious copyright fee: GBP24.00$c35\0$e07-mar-2017$fGBP24.00$g0$hP$5Uk
=ACF  \\$aPrevious copyright fee: GBP24.00$c10\0$e01-mar-2015$fGBP24.00$g0$hP$5Uk
=ACF  \\$aPrevious copyright fee: GBP27.00$c29\0$e08-jan-2018$fGBP27.00$g0$hP$5Uk
=ACF  \\$aPrevious copyright fee: GBP28.00$c29\0$e01-jan-2019$fGBP28.00$g0$hP$5Uk
=ACF  \\$aPrevious Copyright Fee: GBP20.00$c29\0$e01-jan-2020$fGBP20.00$g0$hP$5Uk
=CAT  \\$aCONV$b00$c20040425$lBLL90$h0713
=CAT  \\$aISSN$b40$c20170314$lBLL01$h1650
=CAT  \\$a10973$b40$c20170727$lBLL01$h0954
=CAT  \\$aW1711-1005$c20171206$lBLL01$h1815
=CAT  \\$a5552$b40$c20180108$lBLL01$h1207
=CAT  \\$aBATCH-UPD$b40$c20180110$lBLL01$h0100
=CAT  \\$a10983$b40$c20180813$lBLL01$h1004
=CAT  \\$aBATCH-UPD$b40$c20181217$lBLL01$h1651
=CAT  \\$aIPL-CLA$c20181231$lBLL01$h1540
=CAT  \\$a10983$b40$c20190309$lBLL01$h1003
=CAT  \\$a10983$b40$c20190309$lBLL01$h1004
=CAT  \\$a10806$b40$c20190417$lBLL01$h1409
=CAT  \\$a10973$b40$c20190502$lBLL01$h1121
=CAT  \\$a15005$b40$c20191012$lBLL01$h0921
=CAT  \\$aR1911-1518$c20191206$lBLL01$h1419
=CAT  \\$aIPL-CLA$c20191231$lBLL01$h1922
=CAT  \\$aBATCH-UPD$b00$c20220308$lBLL01$h1734
=CAT  \\$aIPL-CLA$c20220331$lBLL01$h1951
=CAT  \\$a8055$b40$c20221116$lBLL01$h1122
=CAT  \\$a8055$b40$c20221116$lBLL01$h1126
=CAT  \\$a8055$b40$c20221116$lBLL01$h1233
=CAT  \\$aS2302-1302$c20230322$lBLL01$h1708
=CAT  \\$aS2302-1302$c20230323$lBLL01$h1443
=CAT  \\$aIPL-CLA$c20230331$lBLL01$h1546
=CAT  \\$aS2304-0519$c20230412$lBLL01$h1139
=CAT  \\$aBATCH-SUPP$c20230426$lBLL01$h1108
=CFI  0\$aCurrent Copyright Fee: GBP32.00$c29\0$e01-apr-2023$fGBP32.00$g0$hP$5Uk
=CFI  2\$aPrevious copyright fee: GBP22.00$c29\0$e01-apr-2022$fGBP22.00$g0$hP$5Uk
=EST  \\$a1
=FFP  \\$aY$bBLDSS-3PM
=FIN  \\$aY
=FMT  \\$a  SE
=LAS  \\$aBATCH-SUPP$b00$c20230426$lBLL01$h1108
=LEO  \\$aMP10.0000630449
=MNI  \\$a0360-3989
=SRC  \\$aDSS01$bbibmp10.200404.2.aa
=TCO  \\$aCLA$bCLA$c008
=TOC  \\$aETOC
=UNO  \\$aY

