=LDR  05113cas a2201177 i 4500
=001  012433186
=003  Uk
=005  20230426110816.0
=006  m\\\\\|\\d\|\\\\\\
=007  cr\|||||||||||
=008  040410c19929999xxkcx\p\s\\\\\0\\\a0eng\\
=015  \\$aGBB409520$2bnb
=019  c\$a102450505
=022  0\$a1460-2083$l0964-6906$202
=037  \\$ahmg$bOxford University Press
=037  3\$aISSN_09646906$bPortico$nOxford University Press
=040  \\$aUk$beng$cUk$erda
=042  \\$aissnuk$aukblsr
=082  04$a572.8$223
=210  0\$aHum. mol. genet. online
=222  \0$aHuman molecular genetics online
=245  00$aHuman molecular genetics.
=260  \\$aOxford :$bIRL,$c1992-
=264  \1$aOxford, UK :$bOxford University Press
=310  \\$aFortnightly (plus two extra issues in April and October)
=336  \\$atext$2rdacontent
=337  \\$acomputer$2rdamedia
=338  \\$aonline resource$2rdacarrier
=362  1\$aPrint began with: Vol. 1, no. 1 (Apr. 1992).
=540  \\$aCurrent Copyright Fee: GBP32.00$c29\0$5Uk
=588  \\$aDescription based on print version record.
=588  \\$aLatest issue consulted: volume 23, number 4 (15 February 2014) (Oxford Journals, viewed January 27, 2014).
=650  \0$aHuman molecular genetics$vPeriodicals.
=650  \0$aHuman chromosome abnormalities$vPeriodicals.
=776  08$iAlso issued in print as:$tHuman molecular genetics$x0964-6906
=852  41$aBritish Library$bHMNTS$jELD Digital store$3Volume 23:Number 1(2014:Jan. 01)-***Previous issues available in print copy
=852  41$aBritish Library$bDSC$j4336.198000$3Volume 7:Part 7(1998)-Volume 20:Issue 24(2011)***See ESTAR for full holdings.
=856  \\$31850-9999$uhttp://ukcatalogue.oup.com/$xBLDSS
=856  40$uhttp://hmg.oxfordjournals.org/
=859  \\$aXLD$bejournal$cSFX
=859  \\$aELD$bejournal
=945  \\$aHUMAN MOLECULAR GENETICS.
=959  \\$fCurrently available
=963  \\$aVOL. 1, 1992- *A=1$bY$cP380.B.151
=979  \\$aBritish Library$bDSC$j4336.198000
=A02  \\$a102450505
=ACF  \\$aPrevious copyright fee: GBP19.50$c29\0$e01-jan-2004$fGBP19.50$g0$hP$5Uk
=ACF  \\$aCurrent copyright fee: GBP13.00$c29\0$e01-apr-2002$fGBP13.00$g0$hP$5Uk
=ACF  \\$aCurrent copyright fee: GBP13.00$c0$e01-jul-2001$fGBP13.00$g0$hC$5Uk
=ACF  \\$aPrevious copyright fee: GBP21.00$c29\0$e01-jan-2006$fGBP21.00$g0$hP$5Uk
=ACF  \\$aPrevious copyright fee: GBP23.00$c29\0$e01-jan-2008$fGBP23.00$g0$hP$5Uk
=ACF  \\$aPrevious copyright fee: GBP20.00$c29\0$e01-jan-2013$fGBP20.00$g0$hP$5Uk
=ACF  \\$aPrevious copyright fee: GBP23.00$c29\0$e01-jan-2015$fGBP23.00$g0$hP$5Uk
=ACF  \\$aPrevious copyright fee: GBP24.00$c29\0$e01-jan-2016$fGBP24.00$g0$hP$5Uk
=ACF  \\$aPrevious copyright fee: GBP26.00$c29\0$e01-jan-2017$fGBP26.00$g0$hP$5Uk
=ACF  \\$aPrevious copyright fee: GBP27.00$c29\0$e01-jan-2018$fGBP27.00$g0$hP$5Uk
=ACF  \\$aPrevious copyright fee: GBP28.00$c29\0$e01-jan-2019$fGBP28.00$g0$hP$5Uk
=ACF  \\$aPrevious Copyright Fee: GBP20.00$c29\0$e01-jan-2020$fGBP20.00$g0$hP$5Uk
=CAT  \\$aCONV$b00$c20040425$lBLL90$h0713
=CAT  \\$aIPL-CLA$c20141231$lBLL01$h1650
=CAT  \\$aBATCH-UPD$b00$c20151119$lBLL01$h1551
=CAT  \\$aIPL-CLA$c20151231$lBLL01$h1918
=CAT  \\$aBATCH-UPD$b00$c20160524$lBLL01$h2209
=CAT  \\$aBATCH-UPD$b00$c20160525$lBLL01$h0013
=CAT  \\$aBATCH-UPD$b00$c20161122$lBLL01$h1520
=CAT  \\$a10806$b40$c20161128$lBLL01$h1119
=CAT  \\$aIPL-CLA$c20161230$lBLL01$h2113
=CAT  \\$aBATCH-UPD$b00$c20171121$lBLL01$h1703
=CAT  \\$aW1711-1005$c20171206$lBLL01$h1815
=CAT  \\$aIPL-CLA$c20171231$lBLL01$h1623
=CAT  \\$aBATCH-UPD$b00$c20181217$lBLL01$h1651
=CAT  \\$aIPL-CLA$c20181231$lBLL01$h1540
=CAT  \\$aW1910-0530$c20191007$lBLL01$h1114
=CAT  \\$aR1911-1518$c20191206$lBLL01$h1419
=CAT  \\$aIPL-CLA$c20191231$lBLL01$h1922
=CAT  \\$aBATCH-UPD$b00$c20220308$lBLL01$h1734
=CAT  \\$aIPL-CLA$c20220331$lBLL01$h1951
=CAT  \\$a12654$b40$c20230201$lBLL01$h0828
=CAT  \\$a12654$b40$c20230201$lBLL01$h0829
=CAT  \\$aS2302-1302$c20230322$lBLL01$h1708
=CAT  \\$aS2302-1302$c20230323$lBLL01$h1443
=CAT  \\$aIPL-CLA$c20230331$lBLL01$h1546
=CAT  \\$aS2304-0519$c20230412$lBLL01$h1139
=CAT  \\$aBATCH-SUPP$c20230426$lBLL01$h1108
=CFI  0\$aCurrent Copyright Fee: GBP32.00$c29\0$e01-apr-2023$fGBP32.00$g0$hP$5Uk
=CFI  2\$aPrevious copyright fee: GBP22.00$c29\0$e01-apr-2022$fGBP22.00$g0$hP$5Uk
=EST  \\$a1
=FFP  \\$aY$bBLDSS-3PM
=FIN  \\$aY
=FMT  \\$a  SE
=LAS  \\$aBATCH-SUPP$b00$c20230426$lBLL01$h1108
=LEO  \\$aMP10.0000630456
=LEO  \\$aMP22.0000056182
=LET  \0$aHuman molecular genetics (Electronic)
=LKR  \\$aPAR$b008413399$lBLL01$nHuman molecular genetics (Print)$mHuman molecular genetics (Online)$r776
=MNI  \\$a0964-6906
=SRC  \\$aDSS01$bbibmp10.200404.2.aa
=SRC  \\$aISN01$bbibmp22.200404.2.aa
=TCO  \\$aCLA$bCLA$c008
=TOC  \\$aETOC
=UNO  \\$aY

