=LDR  06411cas a2201393 a 4500
=001  012433202
=003  Uk
=005  20230426110816.0
=006  m\\\\\o\\d\\\\\\\\
=007  cr\|||||||||||
=008  970529c19919999enkbx\pso\\\\\0\\\a0eng\c
=010  \\$asn 97004855 $zsn 97000008 
=015  \\$aGBB409565$2bnb
=019  c\$a102449398
=022  0\$a1095-9289$l1054-3139$y1054-3139$202
=030  \\$aICESEC
=035  \\$a(OCoLC)36980725
=037  \\$aicesjms$bOxford University Press
=037  2\$aISSN_10543139_4$bPortico$nOxford University Press
=037  3\$aISSN_00206466$bPortico$nOxford University Press
=040  \\$aOH1$beng$cOH1$dNSDP$dOCoLC$dMCM$dOCoLC$dMCM$dGU$dOCoLC$dCaQMU$dOCoLC$dOCLCO$dOCoLC$dUk
=042  \\$aissnuk$aukblsr
=050  14$aGC1
=082  04$a551.4605$223
=130  0\$aICES journal of marine science (Online)
=210  0\$aICES j. mar. sci.$b(Online)
=222  \0$aICES journal of marine science$b(Online)
=245  10$aICES journal of marine science$h[electronic resource] :$bjournal du conseil.
=246  3\$aInternational Council for the Exploration of the Sea journal of marine science
=260  \\$a[London] :$bPublished for ICES by Academic Press
=264  31$aOxford, UK :$bOxford University Press
=310  \\$aSix issues yearly
=336  \\$atext$2rdacontent
=337  \\$acomputer$2rdamedia
=338  \\$aonline resource$2rdacarrier
=362  1\$aPrint began with vol. 48, no. 1 (May 1991).
=525  \\$aSupplements accompany some issues.
=540  \\$aCurrent Copyright Fee: GBP33.00$c29\0$5Uk
=580  \\$aIncludes issues of earler title: Journal du conseil.
=588  \\$aDescription based on: Vol. 53, issue 1 (Feb. 1996); title from contents screen (ScienceDirect, viewed Sept. 17, 2003).
=588  \\$aLatest issue consulted: volume 71, number 2 (January/February 2014) (Oxford Journals, viewed January 27, 2014).
=595  \\$aFORMERLY 4965.1698 CHANGE BETWEEN VOL. 47(3), 1991 AND 48(2), 1991 ABSORBS 4361.495SEE ALSO 4965.17 FOR OTHER EXTERNAL HOLDINGS.
=650  \0$aOcean$vPeriodicals.
=650  \0$aFisheries$vPeriodicals.
=650  \0$aFishes$vPeriodicals.
=650  \0$aMarine biology$vBibliography$vPeriodicals.
=710  2\$aInternational Council for the Exploration of the Sea,$eissuing body.
=776  08$iAlso issued in print as:$tICES journal of marine science$x1054-3139
=780  05$tICES marine science symposia (Online)$x2708-9215
=780  10$tJournal du conseil
=852  41$aBritish Library$bDSC$j4361.491000$3Volume 64:Issue 1(2007)-Volume 68:Issue 10(2011)***See ESTAR for full holdings.
=852  41$aBritish Library$bHMNTS$jELD Digital store$3Volume 71:Number 1(2014)-***Previous issues available in print copy
=856  \\$31850-9999$uhttp://ukcatalogue.oup.com/$xBLDSS
=856  40$uhttp://icesjms.oxfordjournals.org/
=856  40$uhttp://www.sciencedirect.com/science/journal/10543139
=859  \\$aXLD$bejournal$cSFX
=859  \\$aELD$bejournal
=945  \\$aICES journal of marine science
=959  \\$fCurrently available
=979  \\$aBritish Library$bDSC$j4361.491000
=985  \\$aISSN responsibility transferred from US ISSN Center to ISSN UK, January 9 2018.
=985  \\$aCONFERENCE ANALYTIC RECORDS EXIST
=A02  \\$a102449398
=ACF  \\$aPrevious copyright fee: GBP18.00$c5\9$e01-apr-2004$fGBP18.00$g0$hP$5Uk
=ACF  \\$aCurrent copyright fee: GBP20.00$c5\9$e01-jan-2003$fGBP20.00$g0$hP$5Uk
=ACF  \\$aCurrent copyright fee: GBP22.50$c0$e01-jul-2002$fGBP22.50$g0$hC$5Uk
=ACF  \\$aPrevious Copyright Fee: GBP16.00$c29\0$e01-jan-2007$fGBP16.00$g0$hP$5Uk
=ACF  \\$aPrevious copyright fee: GBP18.00$c29\0$e01-jan-2008$fGBP18.00$g0$hP$5Uk
=ACF  \\$aPrevious copyright fee: GBP20.00$c29\0$e01-jan-2013$fGBP20.00$g0$hP$5Uk
=ACF  \\$aPrevious copyright fee: GBP23.00$c29\0$e01-jan-2015$fGBP23.00$g0$hP$5Uk
=ACF  \\$aPrevious copyright fee: GBP24.00$c29\0$e01-jan-2016$fGBP24.00$g0$hP$5Uk
=ACF  \\$aPrevious copyright fee: GBP26.00$c29\0$e01-jan-2017$fGBP26.00$g0$hP$5Uk
=ACF  \\$aPrevious copyright fee: GBP27.00$c29\0$e01-jan-2018$fGBP27.00$g0$hP$5Uk
=ACF  \\$aPrevious copyright fee: GBP28.00$c29\0$e01-jan-2019$fGBP28.00$g0$hP$5Uk
=ACF  \\$aPrevious copyright fee: GBP22.00$c29\0$e01-apr-2022$fGBP22.00$g0$hP$5Uk
=ACF  \\$aPrevious Copyright Fee: GBP20.00$c29\0$e01-jan-2020$fGBP20.00$g0$hP$5Uk
=CAT  \\$aCONV$b00$c20040425$lBLL90$h0713
=CAT  \\$aBATCH-UPD$b00$c20161122$lBLL01$h1520
=CAT  \\$aIPL-CLA$c20161230$lBLL01$h2113
=CAT  \\$aBATCH-UPD$b00$c20171121$lBLL01$h1703
=CAT  \\$aW1711-1005$c20171206$lBLL01$h1815
=CAT  \\$aIPL-CLA$c20171231$lBLL01$h1623
=CAT  \\$a11313$b40$c20180109$lBLL01$h0911
=CAT  \\$a11313$b40$c20180109$lBLL01$h0912
=CAT  \\$aBATCH-UPD$b40$c20181217$lBLL01$h1651
=CAT  \\$aIPL-CLA$c20181231$lBLL01$h1540
=CAT  \\$aW1910-0530$c20191007$lBLL01$h1114
=CAT  \\$a15005$b40$c20191022$lBLL01$h1437
=CAT  \\$a15005$b40$c20191022$lBLL01$h1438
=CAT  \\$aR1911-1518$c20191206$lBLL01$h1419
=CAT  \\$aIPL-CLA$c20191231$lBLL01$h1922
=CAT  \\$aBATCH-UPD$b00$c20220308$lBLL01$h1734
=CAT  \\$aIPL-CLA$c20220331$lBLL01$h1951
=CAT  \\$a12654$b40$c20230201$lBLL01$h0857
=CAT  \\$a12654$b40$c20230201$lBLL01$h0904
=CAT  \\$a7152$b40$c20230224$lBLL01$h1446
=CAT  \\$a12654$b40$c20230302$lBLL01$h0804
=CAT  \\$aS2302-1302$c20230322$lBLL01$h1708
=CAT  \\$aS2302-1302$c20230323$lBLL01$h1443
=CAT  \\$aIPL-CLA$c20230331$lBLL01$h1546
=CAT  \\$aS2304-0519$c20230412$lBLL01$h1139
=CAT  \\$aBATCH-SUPP$c20230426$lBLL01$h1108
=CFI  0\$aCurrent Copyright Fee: GBP33.00$c29\0$e01-apr-2023$fGBP33.00$g0$hP$5Uk
=CFI  2\$aPrevious copyright fee: zero$c29\0$e02-mar-2023$fGBP0.00$g0$hP$5Uk
=EST  \\$a1
=FFP  \\$aY$bBLDSS-3PM
=FIN  \\$aY
=FMT  \\$a  SE
=LAS  \\$aBATCH-SUPP$b00$c20230426$lBLL01$h1108
=LEO  \\$aMP10.0000630472
=LET  \0$aICES journal of marine science (Electronic)
=LKR  \\$aPAR$b009209351$lBLL01$nICES journal of marine science (Print)$mICES journal of marine science (Online)$r776
=MNI  \\$a1054-3139
=SRC  \\$aDSS01$bbibmp10.200404.2.aa
=SRC  \\$aBLL02
=TCO  \\$aXXX$c008
=TCO  \\$aCLA$bCLA$c008
=TOC  \\$aETOC
=UNO  \\$aY

