=LDR  06395cas a2201405 a 4500
=001  012433331
=003  Uk
=005  20230426110816.0
=006  m\\\\\o\\d\\\\\\\\
=007  cr\cnu||||||||
=008  990727c19819999enkbr\pso\\\\\0\\\a0eng\c
=010  \\$a00238338
=015  \\$aGBB409951$2bnb
=019  c\$a102188135
=022  \\$a1464-3634$202
=035  \\$a(OCoLC)41964257
=037  \\$aimamat$bOxford University Press
=037  3\$aISSN_02724960$bPortico$nOxford University Press
=040  \\$aOUN$beng$cOUN$dOCL$dIUL$dOCLCQ$dCIT$dOCLCQ$dOCLCF$dUk
=042  \\$aissnuk$aukblsr
=050  14$aQA1$b.I47
=082  04$a519$223
=130  0\$aIMA journal of applied mathematics (Online)
=210  0\$aIMA j. appl. math.$b(Online)
=222  \0$aIMA journal of applied mathematics$b(Online)
=245  10$aIMA journal of applied mathematics$h[electronic resource].
=246  30$aJournal of applied mathematics
=246  3\$aI.M.A. journal of applied mathematics
=246  3\$aInstitute of Mathematics and Its Applications journal of applied mathematics
=246  13$aIMA journal of applied mathematics - online services
=260  \\$aOxford :$bOxford University Press
=310  \\$aBimonthly
=336  \\$atext$2rdacontent
=337  \\$acomputer$2rdamedia
=338  \\$aonline resource$2rdacarrier
=362  1\$aPrint began with vol. 27, no. 1 (Jan. 1981).
=520  \\$aContains full text of articles, 1998- ; tables of contents and abstracts only, <1996>-1997.
=530  \\$aAlso issued in print.
=530  \\$aElectronic journals from Oxford University Press are searchable via the Oxford journals online website.
=538  \\$aMode of access: World Wide Web.
=540  \\$aCurrent Copyright Fee: GBP32.00$c29\0$5Uk
=550  \\$aPublished on behalf of: Institute of Mathematics and Its Applications.
=580  \\$aIncludes issues of earlier title: Journal of the Institute of mathematics and its applications.
=588  \\$aDescription based on: Vol. 56, issue 1 (1996); title from title screen (viewed Apr. 13, 2000).
=588  \\$aLatest issue consulted: volume 79, number 1 (February 2014) (Oxford Journals, viewed January 28, 2014).
=595  \\$aFORMERLY 4776.95 UP TO VOL. 26, 1980.
=650  \0$aMathematics$vPeriodicals.
=650  \7$aMathematics.$2fast
=655  \7$aPeriodicals.$2fast
=710  2\$aInstitute of Mathematics and Its Applications.
=710  2\$aOxford University Press.
=776  1\$tIMA journal of applied mathematics$x0272-4960
=780  10$tJournal of the Institute of mathematics and its applications
=852  41$aBritish Library$bHMNTS$jELD Digital store$3Volume 79:Number 1(2014:Feb.)-
=852  41$aBritish Library$bDSC$j4368.755000$3feb-2000 VOL 64 PART 1-Volume 76:Issue 6(2011)***See ESTAR for full holdings.
=856  \\$31850-9999$uhttp://ukcatalogue.oup.com/$xBLDSS
=856  40$uhttp://imamat.oxfordjournals.org/
=856  40$uhttp://www3.oup.co.uk/imamat/
=859  \\$aXLD$bejournal$cSFX
=859  \\$aELD$bejournal
=945  \\$aIMA JOURNAL OF APPLIED MATHEMATICS.
=959  \\$fCurrently available
=963  \\$aCA/U-2 VOL. 27, 1981- *A=1$bY
=964  \\$aVOL. 27, 1981- *A=1$c51$dO$eTL48011
=979  \\$aBritish Library$bDSC$j4368.755000
=A02  \\$a102188135
=ACF  \\$aPrevious copyright fee: GBP15.00$c29\0$e01-jan-2004$fGBP15.00$g0$hP$5Uk
=ACF  \\$aCurrent copyright fee: GBP10.00$c29\0$e01-apr-2002$fGBP10.00$g0$hP$5Uk
=ACF  \\$aCurrent copyright fee: GBP10.00 British Library not licensed to FAX$c0$e01-jul-2000$fGBP10.00$g0$hC$iFAX is CLA-excluded$5Uk
=ACF  \\$aPrevious copyright fee: GBP16.00$c29\0$e01-jan-2006$fGBP16.00$g0$hP$5Uk
=ACF  \\$aPrevious copyright fee: GBP18.00$c29\0$e01-jan-2008$fGBP18.00$g0$hP$5Uk
=ACF  \\$aPrevious copyright fee: GBP20.00$c29\0$e01-jan-2013$fGBP20.00$g0$hP$5Uk
=ACF  \\$aPrevious copyright fee: GBP23.00$c29\0$e01-jan-2015$fGBP23.00$g0$hP$5Uk
=ACF  \\$aPrevious copyright fee: GBP24.00$c29\0$e01-jan-2016$fGBP24.00$g0$hP$5Uk
=ACF  \\$aPrevious copyright fee: GBP26.00$c29\0$e01-jan-2017$fGBP26.00$g0$hP$5Uk
=ACF  \\$aPrevious copyright fee: GBP27.00$c29\0$e01-jan-2018$fGBP27.00$g0$hP$5Uk
=ACF  \\$aPrevious copyright fee: GBP28.00$c29\0$e01-jan-2019$fGBP28.00$g0$hP$5Uk
=ACF  \\$aPrevious Copyright Fee: GBP20.00$c29\0$e01-jan-2020$fGBP20.00$g0$hP$5Uk
=CAT  \\$aCONV$b00$c20040425$lBLL90$h0713
=CAT  \\$aBATCH-UPD$b00$c20141124$lBLL01$h1810
=CAT  \\$aBLDSS-3PM$b00$c20141208$lBLL01$h1624
=CAT  \\$aIPL-CLA$c20141231$lBLL01$h1650
=CAT  \\$aBATCH-UPD$b00$c20151119$lBLL01$h1551
=CAT  \\$aIPL-CLA$c20151231$lBLL01$h1918
=CAT  \\$aBATCH-UPD$b00$c20160524$lBLL01$h2209
=CAT  \\$aBATCH-UPD$b00$c20160525$lBLL01$h0013
=CAT  \\$aBATCH-UPD$b00$c20161122$lBLL01$h1520
=CAT  \\$aIPL-CLA$c20161230$lBLL01$h2113
=CAT  \\$aBATCH-UPD$b00$c20171121$lBLL01$h1703
=CAT  \\$aW1711-1005$c20171206$lBLL01$h1815
=CAT  \\$aIPL-CLA$c20171231$lBLL01$h1623
=CAT  \\$aBATCH-UPD$b00$c20181217$lBLL01$h1651
=CAT  \\$aIPL-CLA$c20181231$lBLL01$h1540
=CAT  \\$aW1910-0530$c20191007$lBLL01$h1114
=CAT  \\$aR1911-1518$c20191206$lBLL01$h1419
=CAT  \\$aIPL-CLA$c20191231$lBLL01$h1922
=CAT  \\$aBATCH-UPD$b00$c20220308$lBLL01$h1734
=CAT  \\$aIPL-CLA$c20220331$lBLL01$h1951
=CAT  \\$a12654$b40$c20230201$lBLL01$h0927
=CAT  \\$aS2302-1302$c20230322$lBLL01$h1708
=CAT  \\$aS2302-1302$c20230323$lBLL01$h1443
=CAT  \\$aIPL-CLA$c20230331$lBLL01$h1546
=CAT  \\$aS2304-0519$c20230412$lBLL01$h1139
=CAT  \\$aBATCH-SUPP$c20230426$lBLL01$h1108
=CFI  0\$aCurrent Copyright Fee: GBP32.00$c29\0$e01-apr-2023$fGBP32.00$g0$hP$5Uk
=CFI  2\$aPrevious copyright fee: GBP22.00$c29\0$e01-apr-2022$fGBP22.00$g0$hP$5Uk
=EST  \\$a1
=FFP  \\$aY$bBLDSS-3PM
=FIN  \\$aY$d20140128
=FMT  \\$a  SE
=LAS  \\$aBATCH-SUPP$b00$c20230426$lBLL01$h1108
=LEO  \\$aMP10.0000630601
=LET  \0$aIMA journal of applied mathematics (Electronic)
=LKR  \\$aPAR$b009846347$lBLL01$r776$mIMA journal of applied mathematics (Online)$nIMA journal of applied mathematics
=MNI  \\$a0272-4960
=SID  \\$aZ39$bOCLC
=SRC  \\$aDSS01$bbibmp10.200404.2.aa
=TCO  \\$aCLA$bCLA$c008
=TOC  \\$aETOC
=UNO  \\$aY

