=LDR  05888cas a2201285 a 4500
=001  012433332
=003  Uk
=005  20230426110816.0
=006  m\\\\\\\\d\\\\\\\\
=007  cr\|||||||||||
=008  020522c20019999enkqr\pss\\\\\0\\\a0eng\d
=010  \\$a  2002253343
=015  \\$aGBB409607$2bnb
=019  c\$a102598471
=022  0\$a1471-6798$202
=035  \\$a(OCoLC)49845994
=037  \\$aimaman$bOxford University Press
=037  3\$aISSN_1471678X$bPortico$nOxford University Press
=040  \\$aPPiU$cPPiU$dWaU$dOCoLC$dOCoLC$dOCoLC$dWaU$dUk
=042  \\$aissnuk$aukblsr
=050  14$aHD30.25
=082  04$a650.01513$223
=130  0\$aIMA journal of management mathematics (Online)
=222  \0$aIMA journal of management mathematics$b(Online)
=245  10$aIMA journal of management mathematics$h[electronic resource].
=246  3\$aInstitute of Mathematics and Its Applications journal of management mathematics
=246  30$aJournal of management mathematics
=260  \\$aOxford, UK :$bOxford University Press on behalf of Institute of Mathematics and Its Applications
=310  \\$aQuarterly
=336  \\$atext$2rdacontent
=337  \\$acomputer$2rdamedia
=338  \\$aonline resource$2rdacarrier
=362  0\$aVol. 12, issue 1 (July 2001)-
=500  \\$aTitle from contents (viewed Dec. 30, 2002).
=500  \\$aLatest issue consulted: volume 25, number 1 (January 2014) (Oxford Journals, viewed January 27, 2014).
=540  \\$aCurrent Copyright Fee: GBP32.00$c29\0$5Uk
=580  \\$aIncludes issues of earlier titles: IMA journal of mathematics in management, and: IMA journal of mathematics applies in business and industry.
=650  \0$aManagement$xMathematical models$vPeriodicals.
=650  \0$aManagement science$xMathematical models$vPeriodicals.
=650  \0$aBusiness mathematics$vPeriodicals.
=710  2\$aInstitute of Mathematics and Its Applications,$eissuing body.
=776  08$iAlso issued in print as:$tIMA journal of management mathematics$x1471-678X
=780  10$tIMA journal of mathematics applied in business and industry
=852  41$aBritish Library$bHMNTS$jELD Digital store$3Volume 25:Number 1(2014:Jan.)-***Previous issues available in print copy
=852  41$aBritish Library$bDSC$j4368.756000$3jul-2001 VOL 12 NUMB 1-Volume 22:Issue 4(2011)***See ESTAR for full holdings.
=856  \\$31850-9999$uhttp://ukcatalogue.oup.com/$xBLDSS
=856  40$uhttp://imaman.oxfordjournals.org/
=856  40$uhttp://imaman.oxfordjournals.org/content/by/year
=859  \\$aXLD$bejournal$cSFX
=859  \\$aELD$bejournal
=945  \\$aIMA JOURNAL OF MANAGEMENT MATHEMATICS.
=959  \\$fCurrently available
=979  \\$aBritish Library$bDSC$j4368.756000
=A02  \\$a102598471
=ACF  \\$aPrevious copyright fee: GBP15.00$c29\0$e01-jan-2004$fGBP15.00$g0$hP$5Uk
=ACF  \\$aCurrent copyright fee: GBP10.00$c29\0$e01-apr-2002$fGBP10.00$g0$hP$5Uk
=ACF  \\$aCurrent copyright fee: GBP2.50$c0$e11-jan-2002$fGBP2.50$g0$hC$5Uk
=ACF  \\$aPrevious copyright fee: GBP16.00$c29\0$e01-jan-2006$fGBP16.00$g0$hP$5Uk
=ACF  \\$aPrevious copyright fee: GBP18.00$c29\0$e01-jan-2008$fGBP18.00$g0$hP$5Uk
=ACF  \\$aPrevious copyright fee: GBP20.00$c29\0$e01-jan-2013$fGBP20.00$g0$hP$5Uk
=ACF  \\$aPrevious copyright fee: GBP23.00$c29\0$e01-jan-2015$fGBP23.00$g0$hP$5Uk
=ACF  \\$aPrevious copyright fee: GBP24.00$c29\0$e01-jan-2016$fGBP24.00$g0$hP$5Uk
=ACF  \\$aPrevious copyright fee: GBP26.00$c29\0$e01-jan-2017$fGBP26.00$g0$hP$5Uk
=ACF  \\$aPrevious copyright fee: GBP27.00$c29\0$e01-jan-2018$fGBP27.00$g0$hP$5Uk
=ACF  \\$aPrevious copyright fee: GBP28.00$c29\0$e01-jan-2019$fGBP28.00$g0$hP$5Uk
=ACF  \\$aPrevious Copyright Fee: GBP20.00$c29\0$e01-jan-2020$fGBP20.00$g0$hP$5Uk
=CAT  \\$aCONV$b00$c20040425$lBLL90$h0713
=CAT  \\$aBATCH-UPD$b00$c20141124$lBLL01$h1810
=CAT  \\$aBLDSS-3PM$b00$c20141208$lBLL01$h1624
=CAT  \\$aIPL-CLA$c20141231$lBLL01$h1650
=CAT  \\$aBATCH-UPD$b00$c20151119$lBLL01$h1551
=CAT  \\$aIPL-CLA$c20151231$lBLL01$h1918
=CAT  \\$aBATCH-UPD$b00$c20160524$lBLL01$h2209
=CAT  \\$aBATCH-UPD$b00$c20160525$lBLL01$h0013
=CAT  \\$aBATCH-UPD$b00$c20161122$lBLL01$h1520
=CAT  \\$aIPL-CLA$c20161230$lBLL01$h2113
=CAT  \\$aBATCH-UPD$b00$c20171121$lBLL01$h1703
=CAT  \\$aW1711-1005$c20171206$lBLL01$h1815
=CAT  \\$aIPL-CLA$c20171231$lBLL01$h1623
=CAT  \\$aBATCH-UPD$b00$c20181217$lBLL01$h1651
=CAT  \\$aIPL-CLA$c20181231$lBLL01$h1540
=CAT  \\$aW1910-0530$c20191007$lBLL01$h1114
=CAT  \\$aR1911-1518$c20191206$lBLL01$h1419
=CAT  \\$aIPL-CLA$c20191231$lBLL01$h1922
=CAT  \\$aBATCH-UPD$b00$c20220308$lBLL01$h1734
=CAT  \\$aIPL-CLA$c20220331$lBLL01$h1951
=CAT  \\$a12654$b40$c20230201$lBLL01$h0934
=CAT  \\$aS2302-1302$c20230322$lBLL01$h1708
=CAT  \\$aS2302-1302$c20230323$lBLL01$h1443
=CAT  \\$aIPL-CLA$c20230331$lBLL01$h1546
=CAT  \\$aS2304-0519$c20230412$lBLL01$h1139
=CAT  \\$aBATCH-SUPP$c20230426$lBLL01$h1108
=CFI  0\$aCurrent Copyright Fee: GBP32.00$c29\0$e01-apr-2023$fGBP32.00$g0$hP$5Uk
=CFI  2\$aPrevious copyright fee: GBP22.00$c29\0$e01-apr-2022$fGBP22.00$g0$hP$5Uk
=EST  \\$a1
=FFP  \\$aY$bBLDSS-3PM
=FIN  \\$aY
=FMT  \\$a  SE
=LAS  \\$aBATCH-SUPP$b00$c20230426$lBLL01$h1108
=LEO  \\$aMP10.0000630602
=LEO  \\$aMP22.0000065025
=LET  \0$aIMA journal of management mathematics (Electronic)
=LKR  \\$aPAR$b007024230$lBLL01$nIMA journal of management mathematics (Print)$mIMA journal of management mathematics (Online)$r776
=MNI  \\$a1471-678X
=SRC  \\$aDSS01$bbibmp10.200404.2.aa
=SRC  \\$aISN01$bbibmp22.200404.2.aa
=SRC  \\$aBLL02
=TCO  \\$aCLA$bCLA$c008
=TOC  \\$aETOC
=UNO  \\$aY

