=LDR  05504cas a2201273 a 4500
=001  012433401
=003  Uk
=005  20230426110817.0
=006  m\\\\\o\\d\\\\\\\\
=007  cr\an|||||||||
=008  040410c19449999enkbr\pso\\\\\0\\\a0eng\\
=015  \\$aGBB350407$2bnb
=019  c\$a102085204
=022  0\$a1468-2346$y0020-5850$l0020-5850$202
=037  \\$aISSN_00205850$bPortico$nWiley
=037  2\$aia$bOxford University Press
=037  3\$aISSN_00205850_4$bPortico$nOxford University Press
=040  \\$aUk$cUk$dUk
=042  \\$aukblsr$aissnuk
=082  04$a327.05$222
=130  0\$aInternational affairs (Royal Institute of International Affairs : 1944 : Online)
=210  0\$aInt. aff.$b(Oxf., Online)
=222  \0$aInternational affairs$b(Oxford. Online)
=245  10$aInternational affairs$h[electronic resource].
=260  \\$aLondon :$bRoyal Institute of International Affairs,$c1944-
=264  31$aOxford :$bOxford University Press
=310  \\$aBimonthly
=321  \\$aQuarterly
=336  \\$atext$2rdacontent
=337  \\$acomputer$2rdamedia
=338  \\$aonline resource$2rdacarrier
=362  0\$aVol. 20, no. 1 (Jan. 1944)-
=500  \\$aTitle from title screen (viewed Dec. 5, 2001).
=500  \\$aImprint varies.
=530  \\$aAlso issued in print.
=538  \\$aMode of access: World Wide Web.
=540  \\$aCurrent Copyright Fee: GBP32.00$c29\0$5Uk
=588  \\$aLatest issue consulted: volume 93, issue 1 (1 January 2017) (Oxford Academic, viewed July 18, 2017).
=595  \\$aFORMERLY 4859.300 UP TO 9, 1930.
=650  \0$aInternational relations$vPeriodicals.
=650  \0$aWorld politics$vPeriodicals.
=710  2\$aRoyal Institute of International Affairs.
=776  1\$tInternational affairs (Royal Institute of International Affairs : 1944)$x0020-5850
=780  00$tInternational affairs review supplement (Online)$x1473-8112
=852  41$aBritish Library$bHMNTS$jELD Digital store$3Volume 89:Number 1(2013:Jan.)-***Previous issues available in print copy
=852  41$aBritish Library$bDSC$j4535.630000$3Volume 79:Issue 1(2003)-Volume 90:Issue 6(2014)***See ESTAR for full holdings.
=856  \\$31850-9999$uhttp://onlinelibrary.wiley.com/$xBLDSS
=856  40$uhttp://www.blackwellpublishing.com/journal.asp?ref=0020-5850
=856  41$uhttp://www.blackwell-synergy.com/rd.asp?goto=journal&code=inta
=856  40$uhttps://academic.oup.com/ia
=859  \\$aXLD$bejournal$cSFX
=859  \\$aELD$bejournal
=945  \\$aINTERNATIONAL AFFAIRS -LONDON THEN OXFORD-.
=959  \\$fCurrently available
=963  \\$aVOL. 10, 1931- *A=1$bY$cRCS.PER.1275
=979  \\$aBritish Library$bDSC$j4535.630000
=A02  \\$a102085204
=ACF  \\$aPrevious copyright fee: GBP16.00$c10\0$e01-jan-2006$fGBP16.00$g0$hP$5Uk
=ACF  \\$aPrevious copyright fee: GBP15.00$c10\0$e01-apr-2004$fGBP15.00$g0$hP$5Uk
=ACF  \\$aCurrent copyright fee: GBP13.00$c10\0$e01-apr-2003$fGBP13.00$g0$hP$5Uk
=ACF  \\$aCurrent copyright fee: GBP13.00$c10\6$e01-apr-2002$fGBP13.00$g0$hP$5Uk
=ACF  \\$aPrevious copyright fee: GBP17.00$c10\0$e01-jan-2009$fGBP17.00$g0$hP$5Uk
=ACF  \\$aPrevious copyright fee: GBP22.00$c10\0$e01-jan-2011$fGBP22.00$g0$hP$5Uk
=ACF  \\$aPrevious copyright fee: GBP24.00$c10\0$e01-mar-2015$fGBP24.00$g0$hP$5Uk
=ACF  \\$aPrevious copyright fee: GBP26.00$c29\0$e01-jan-2017$fGBP26.00$g0$hP$5Uk
=ACF  \\$aPrevious copyright fee: GBP27.00$c29\0$e01-jan-2018$fGBP27.00$g0$hP$5Uk
=ACF  \\$aPrevious copyright fee: GBP28.00$c29\0$e01-jan-2019$fGBP28.00$g0$hP$5Uk
=ACF  \\$aPrevious Copyright Fee: GBP20.00$c29\0$e01-jan-2020$fGBP20.00$g0$hP$5Uk
=CAT  \\$aCONV$b00$c20040425$lBLL90$h0713
=CAT  \\$a5552$b40$c20161111$lBLL01$h1400
=CAT  \\$a5552$b40$c20161111$lBLL01$h1413
=CAT  \\$a11450$b40$c20161128$lBLL01$h0846
=CAT  \\$aIPL-CLA$c20161230$lBLL01$h2113
=CAT  \\$aBATCH-UPD$b00$c20170104$lBLL01$h0049
=CAT  \\$a10806$b40$c20170718$lBLL01$h0924
=CAT  \\$a10806$b40$c20170718$lBLL01$h0936
=CAT  \\$aBATCH-UPD$b40$c20171121$lBLL01$h1703
=CAT  \\$aW1711-1005$c20171206$lBLL01$h1815
=CAT  \\$aIPL-CLA$c20171231$lBLL01$h1623
=CAT  \\$aBATCH-UPD$b00$c20181217$lBLL01$h1651
=CAT  \\$aIPL-CLA$c20181231$lBLL01$h1540
=CAT  \\$a15005$b40$c20191012$lBLL01$h0925
=CAT  \\$aR1911-1518$c20191206$lBLL01$h1419
=CAT  \\$aIPL-CLA$c20191231$lBLL01$h1922
=CAT  \\$aBATCH-UPD$b00$c20220308$lBLL01$h1734
=CAT  \\$aIPL-CLA$c20220331$lBLL01$h1951
=CAT  \\$a12654$b40$c20230209$lBLL01$h1229
=CAT  \\$a12654$b40$c20230209$lBLL01$h1235
=CAT  \\$aS2302-1302$c20230322$lBLL01$h1708
=CAT  \\$aS2302-1302$c20230323$lBLL01$h1443
=CAT  \\$aIPL-CLA$c20230331$lBLL01$h1546
=CAT  \\$aS2304-0519$c20230412$lBLL01$h1139
=CAT  \\$a5410$b40$c20230421$lBLL01$h2034
=CAT  \\$aBATCH-SUPP$c20230426$lBLL01$h1108
=CFI  0\$aCurrent Copyright Fee: GBP32.00$c29\0$e01-apr-2023$fGBP32.00$g0$hP$5Uk
=CFI  2\$aPrevious copyright fee: GBP22.00$c29\0$e01-apr-2022$fGBP22.00$g0$hP$5Uk
=EST  \\$a1
=FFP  \\$aY$bBLDSS-3PM
=FIN  \\$aY
=FMT  \\$a  SE
=LAS  \\$aBATCH-SUPP$b00$c20230426$lBLL01$h1108
=LEO  \\$aMP10.0000630671
=LEO  \\$aMP22.0000062424
=MNI  \\$a0020-5850
=SRC  \\$aISN01$bbibmp22.200404.2.aa
=SRC  \\$aDSS01$bbibmp10.200404.2.aa
=TCO  \\$aCLA$bCLA$c008
=TOC  \\$aETOC
=UNO  \\$aY

