=LDR  05369cas a2201261 a 4500
=001  012433416
=003  Uk
=005  20230426110817.0
=006  m\\\\\\\\d\\\\\\\\
=007  cr\|||||||||||
=008  980701c19899999enkmr\pss\\\\\0\\\a0eng\c
=010  \\$a2008233373
=015  \\$aGBB411558$2bnb
=016  7\$a1467474-9$2DE-600
=019  c\$a102380136
=022  0\$a1460-2377$202
=035  \\$a(WaSeSS)ssj0003293
=035  \\$a(StSaUL)b14966323
=037  \\$aintimm$bOxford University Press
=037  3\$aISSN_09538178$bPortico$nOxford University Press
=038  \\$aOCoLC
=040  \\$aTxHMC$beng$cTxHMC$dOCoLC$dGU$dFCM-M$dCPT$dOCoLC$dHEBIS$dOCoLC$dWaSeSS$dUk
=042  \\$aissnuk$aukblsr
=050  14$aQR180
=082  04$a616.079$222
=130  0\$aInternational immunology (Online)
=210  0\$aInt. immunol.$b(Online)
=222  \0$aInternational immunology$b(Online)
=245  10$aInternational immunology$h[electronic resource].
=260  \\$aOxford :$bOxford University Press
=310  \\$aMonthly
=336  \\$atext$2rdacontent
=337  \\$acomputer$2rdamedia
=338  \\$aonline resource$2rdacarrier
=362  1\$aPrint began with v. 1, no. 1, published in 1989.
=540  \\$aCurrent Copyright Fee: GBP42.00$c29\0$5Uk
=550  \\$aPublished on behalf of the Japanese Society for Immunology, <2014->.
=588  \\$aDescription based on: Vol. 8, no. 1 (Jan. 1996); title from title screen (Oxford journals, viewed Mar. 3, 2008).
=588  \\$aLatest issue consulted: volume 26, number 1 (January 2014) (viewed January 30, 2014).
=650  \0$aImmunology$vPeriodicals.
=710  2\$aNihon Men'eki Gakkai.
=776  08$iAlso issued in print as:$tInternational immunology$x0953-8178
=852  41$aBritish Library$bHMNTS$jELD Digital store$3Volume 26:Number 1(2014:Jan.)-
=852  41$aBritish Library$bDSC$j4541.038930$3jan-2000 VOL 12 PART 1-Volume 23:Issue 12(2011)***See ESTAR for full holdings.
=856  \\$31850-9999$uhttp://ukcatalogue.oup.com/$xBLDSS
=856  40$uhttp://intimm.oxfordjournals.org/
=859  \\$aELD$bejournal
=859  \\$aXLD$bejournal$cSFX
=945  \\$aInternational immunology
=959  \\$fCurrently available
=963  \\$aCA/U-2 VOL. 1, 1989- *A=1$bY
=985  \\$aCorrected by MS generated file for WR# 12.018
=A02  \\$a102380136
=ACF  \\$aPrevious copyright fee: GBP15.00$c29\0$e01-jan-2004$fGBP15.00$g0$hP$5Uk
=ACF  \\$aCurrent copyright fee: GBP10.00$c29\0$e01-apr-2002$fGBP10.00$g0$hP$5Uk
=ACF  \\$aCurrent copyright fee: GBP13.00$c0$e01-jul-2001$fGBP13.00$g0$hC$5Uk
=ACF  \\$aPrevious copyright fee: GBP16.00$c29\0$e01-jan-2006$fGBP16.00$g0$hP$5Uk
=ACF  \\$aPrevious copyright fee: GBP18.00$c29\0$e01-jan-2008$fGBP18.00$g0$hP$5Uk
=ACF  \\$aPrevious copyright fee: GBP20.00$c29\0$e01-jan-2013$fGBP20.00$g0$hP$5Uk
=ACF  \\$aPrevious copyright fee: GBP23.00$c29\0$e01-jan-2015$fGBP23.00$g0$hP$5Uk
=ACF  \\$aPrevious copyright fee: GBP24.00$c29\0$e01-jan-2016$fGBP24.00$g0$hP$5Uk
=ACF  \\$aPrevious copyright fee: GBP26.00$c29\0$e01-jan-2017$fGBP26.00$g0$hP$5Uk
=ACF  \\$aPrevious copyright fee: GBP27.00$c29\0$e01-jan-2018$fGBP27.00$g0$hP$5Uk
=ACF  \\$aPrevious copyright fee: GBP28.00$c29\0$e01-jan-2019$fGBP28.00$g0$hP$5Uk
=ACF  \\$aPrevious Copyright Fee: GBP29.00$c29\0$e01-jan-2020$fGBP29.00$g0$hP$5Uk
=CAT  \\$aCONV$b00$c20040425$lBLL90$h0713
=CAT  \\$aBATCH-UPD$b00$c20141124$lBLL01$h1810
=CAT  \\$aBLDSS-3PM$b00$c20141208$lBLL01$h1624
=CAT  \\$aIPL-CLA$c20141231$lBLL01$h1650
=CAT  \\$aBATCH-UPD$b00$c20151119$lBLL01$h1551
=CAT  \\$aIPL-CLA$c20151231$lBLL01$h1918
=CAT  \\$aBATCH-UPD$b00$c20160524$lBLL01$h2209
=CAT  \\$aBATCH-UPD$b00$c20160525$lBLL01$h0013
=CAT  \\$aBATCH-UPD$b00$c20161122$lBLL01$h1520
=CAT  \\$aIPL-CLA$c20161230$lBLL01$h2113
=CAT  \\$aBATCH-UPD$b00$c20171121$lBLL01$h1703
=CAT  \\$aW1711-1005$c20171206$lBLL01$h1815
=CAT  \\$aIPL-CLA$c20171231$lBLL01$h1623
=CAT  \\$aBATCH-UPD$b00$c20181217$lBLL01$h1651
=CAT  \\$aIPL-CLA$c20181231$lBLL01$h1540
=CAT  \\$aW1910-0530$c20191007$lBLL01$h1114
=CAT  \\$aR1911-1518$c20191206$lBLL01$h1405
=CAT  \\$aIPL-CLA$c20191231$lBLL01$h1922
=CAT  \\$aBATCH-UPD$b00$c20220308$lBLL01$h1727
=CAT  \\$aIPL-CLA$c20220331$lBLL01$h1951
=CAT  \\$a12654$b40$c20230209$lBLL01$h1350
=CAT  \\$aS2302-1302$c20230322$lBLL01$h1708
=CAT  \\$aS2302-1302$c20230323$lBLL01$h1443
=CAT  \\$aIPL-CLA$c20230331$lBLL01$h1546
=CAT  \\$aS2304-0519$c20230412$lBLL01$h1139
=CAT  \\$aBATCH-SUPP$c20230426$lBLL01$h1108
=CFI  0\$aCurrent Copyright Fee: GBP42.00$c29\0$e01-apr-2023$fGBP42.00$g0$hP$5Uk
=CFI  2\$aPrevious copyright fee: GBP32.00$c29\0$e01-apr-2022$fGBP32.00$g0$hP$5Uk
=EST  \\$a1
=FFP  \\$aY$bBLDSS-3PM
=FIN  \\$aY
=FMT  \\$a  SE
=LAS  \\$aBATCH-SUPP$b00$c20230426$lBLL01$h1108
=LEO  \\$aMP22.0000056209
=LEO  \\$aMP10.0000630686
=LKR  \\$aPAR$b007739476$lBLL01$nInternational immunology (Print)$mInternational immunology (Online)$r776
=MNI  \\$a0953-8178
=SID  \\$aZ39$bRLUK
=SRC  \\$aISN01$bbibmp22.200404.2.aa
=SRC  \\$aDSS01$bbibmp10.200404.2.aa
=TCO  \\$aCLA$bCLA$c008
=TOC  \\$aETOC
=UNO  \\$aY

