=LDR  04984cas a2201129 a 4500
=001  012433459
=003  Uk
=005  20230426110817.0
=006  m\\\\\\\\d\\\\\\\\
=007  cr||||||||||||
=008  040410c19729999xxkbr\p\s\\\\\0\\\a0eng\\
=015  \\$aGBB407073$2bnb
=019  c\$a102086254
=022  0\$a1464-3685$202
=037  \\$aije$bOxford University Press
=037  3\$aISSN_03005771$bPortico$nOxford University Press
=040  \\$aUk$beng$cUk$dUk
=042  \\$aissnuk$aukblsr
=082  04$a614.4$223
=130  0\$aInternational journal of epidemiology (Online)
=210  0\$aInt. j. epidemiol.$b(Online)
=222  \0$aInternational journal of epidemiology$b(Online)
=245  10$aInternational journal of epidemiology$h[electronic resource].
=260  \\$aOxford :$bOxford University Press
=310  \\$aBi-monthly
=336  \\$atext$2rdacontent
=337  \\$acomputer$2rdamedia
=338  \\$aonline resource$2rdacarrier
=362  1\$aPrint began with volume 1, number 1 Spring 1972.
=540  \\$aCurrent Copyright Fee: GBP32.00$c29\0$5Uk
=588  \\$aDescription based on print record.
=588  \\$aLatest issue consulted: volume 42, number 6 (December 2013) (Oxford Journals, viewed 16 January, 2014).
=650  \0$aEpidemiology$vPeriodicals.
=710  2\$aInternational Epidemiological Association.
=776  0\$iAlso issued in print as:$tInternational journal of epidemiology$x0300-5771
=852  41$aBritish Library$bDSC$j4542.244000$3feb-2000 VOL 29 PART 1-Volume 51:Issue 5(2022)***See ESTAR for full holdings.
=852  41$aBritish Library$bHMNTS$jELD Digital store$3Volume 43:Number 1(2014:Feb.)-
=856  \\$31850-9999$uhttp://ukcatalogue.oup.com/$xBLDSS
=856  40$uhttp://ije.oxfordjournals.org/
=859  \\$aXLD$bejournal$cSFX
=859  \\$aELD$bejournal
=945  \\$aInternational journal of epidemiology
=959  \\$fCurrently available
=979  \\$aBritish Library$bDSC$j4542.244000
=ACF  \\$aPrevious copyright fee: GBP15.00$c29\0$e01-jan-2004$fGBP15.00$g0$hP$5Uk
=ACF  \\$aCurrent copyright fee: GBP10.00$c29\0$e01-apr-2002$fGBP10.00$g0$hP$5Uk
=ACF  \\$aCurrent copyright fee: GBP13.00$c0$e01-jul-2001$fGBP13.00$g0$hC$5Uk
=ACF  \\$aPrevious Copyright Fee: GBP16.00$c29\0$e01-jan-2006$fGBP16.00$g0$hP$5Uk
=ACF  \\$aPrevious copyright fee: GBP18.00$c29\0$e01-jan-2008$fGBP18.00$g0$hP$5Uk
=ACF  \\$aPrevious copyright fee: GBP20.00$c29\0$e01-jan-2013$fGBP20.00$g0$hP$5Uk
=ACF  \\$aPrevious copyright fee: GBP23.00$c29\0$e01-jan-2015$fGBP23.00$g0$hP$5Uk
=ACF  \\$aPrevious copyright fee: GBP24.00$c29\0$e01-jan-2016$fGBP24.00$g0$hP$5Uk
=ACF  \\$aPrevious copyright fee: GBP26.00$c29\0$e01-jan-2017$fGBP26.00$g0$hP$5Uk
=ACF  \\$aPrevious copyright fee: GBP27.00$c29\0$e01-jan-2018$fGBP27.00$g0$hP$5Uk
=ACF  \\$aPrevious copyright fee: GBP28.00$c29\0$e01-jan-2019$fGBP28.00$g0$hP$5Uk
=ACF  \\$aPrevious Copyright Fee: GBP20.00$c29\0$e01-jan-2020$fGBP20.00$g0$hP$5Uk
=CAT  \\$aCONV$b00$c20040425$lBLL90$h0713
=CAT  \\$aBATCH-UPD$b00$c20141124$lBLL01$h1810
=CAT  \\$aBLDSS-3PM$b00$c20141208$lBLL01$h1624
=CAT  \\$aIPL-CLA$c20141231$lBLL01$h1650
=CAT  \\$aBATCH-UPD$b00$c20151119$lBLL01$h1551
=CAT  \\$aIPL-CLA$c20151231$lBLL01$h1918
=CAT  \\$aBATCH-UPD$b00$c20160523$lBLL01$h0802
=CAT  \\$aBATCH-UPD$b00$c20160524$lBLL01$h2209
=CAT  \\$aBATCH-UPD$b00$c20161122$lBLL01$h1520
=CAT  \\$aIPL-CLA$c20161230$lBLL01$h2113
=CAT  \\$aBATCH-UPD$b00$c20171121$lBLL01$h1703
=CAT  \\$aW1711-1005$c20171206$lBLL01$h1815
=CAT  \\$aIPL-CLA$c20171231$lBLL01$h1623
=CAT  \\$aBATCH-UPD$b00$c20181217$lBLL01$h1651
=CAT  \\$aIPL-CLA$c20181231$lBLL01$h1540
=CAT  \\$aW1910-0530$c20191007$lBLL01$h1114
=CAT  \\$aR1911-1518$c20191206$lBLL01$h1419
=CAT  \\$aIPL-CLA$c20191231$lBLL01$h1922
=CAT  \\$aBATCH-UPD$b00$c20220308$lBLL01$h1734
=CAT  \\$aIPL-CLA$c20220331$lBLL01$h1951
=CAT  \\$a12654$b40$c20221209$lBLL01$h1400
=CAT  \\$aS2302-1302$c20230322$lBLL01$h1708
=CAT  \\$aS2302-1302$c20230323$lBLL01$h1443
=CAT  \\$aIPL-CLA$c20230331$lBLL01$h1546
=CAT  \\$aS2304-0519$c20230412$lBLL01$h1139
=CAT  \\$aBATCH-SUPP$c20230426$lBLL01$h1108
=CFI  0\$aCurrent Copyright Fee: GBP32.00$c29\0$e01-apr-2023$fGBP32.00$g0$hP$5Uk
=CFI  2\$aPrevious copyright fee: GBP22.00$c29\0$e01-apr-2022$fGBP22.00$g0$hP$5Uk
=EST  \\$a1
=FFP  \\$aY$bBLDSS-3PM
=FIN  \\$aY
=FMT  \\$a  SE
=LAS  \\$aBATCH-SUPP$b00$c20230426$lBLL01$h1108
=LEO  \\$aMP10.0000630729
=LET  \0$aInternational journal of epidemiology (Online)
=LKR  \\$aPAR$b010186983$lBLL01$nInternational journal of epidemiology (Print)$mInternational journal of epidemiology (Online)$r776
=MNI  \\$a0300-5771
=SRC  \\$aDSS01$bbibmp10.200404.2.aa
=TCO  \\$aCLA$bCLA$c008
=TOC  \\$aETOC
=UNO  \\$aY

