=LDR  05311cas a2201201 i 4500
=001  012433562
=003  Uk
=005  20230426110817.0
=006  m\\\\\|\\d\|\\\\\\
=007  cr||||||||||||
=008  040410c20019999enktr\p\s\\\\\0\\\a0eng\\
=015  \\$aGBB411387$2bnb
=019  c\$a102608948
=022  \\$a1470-4838$202
=037  \\$airasia$bOxford University Press
=037  3\$aISSN_1470482X$bPortico$nOxford University Press
=040  \\$aUk$beng$cUk$erda
=042  \\$aissnuk$aukblsr
=082  04$a303.4825$223
=222  \0$aInternational relations of the Asia-Pacific$b(Online)
=245  00$aInternational relations of the Asia-Pacific.
=260  \\$aOxford :$bOxford University Press
=310  \\$aThree times per year,$b2007-
=321  \\$aSemiannual,$b2001-2006
=336  \\$atext$2rdacontent
=337  \\$acomputer$2rdamedia
=338  \\$aonline resource$2rdacarrier
=362  0\$aPrint began with volume 1, number 1 (2001).
=540  \\$aCurrent Copyright Fee: GBP42.00$c29\0$5Uk
=588  \\$aDescription based on print version record.
=588  \\$aLatest issue consulted: volume 14, number 1 (2014) (Oxford Journals, viewed January 29, 2014).
=650  \0$aInternational relations$vPeriodicals.
=651  \0$aAsia$xForeign relations$vPeriodicals.
=651  \0$aPacific Area$xForeign relations$vPeriodicals.
=690  7\$aSocial Welfare$2blcoll
=710  2\$aNihon Kokusai Seiji Gakkai.
=776  08$iAlso issued in print as:$tInternational relations of the Asia-Pacific$x1470-482X
=852  41$aBritish Library$bHMNTS$jELD Digital store$3Volume 14:Number 1(2014)-***Previous issues available in print copy
=852  41$aBritish Library$bDSC$j4545.820250$32001 VOL 1 NUMB 1-Volume 11:Issue 3(2011)***See ESTAR for full holdings.
=856  \\$31850-9999$uhttp://ukcatalogue.oup.com/$xBLDSS
=856  40$uhttp://irap.oxfordjournals.org/content
=859  \\$aELD$bejournal
=859  \\$aXLD$bejournal$cSFX
=945  \\$aINTERNATIONAL RELATIONS OF THE ASIA PACIFIC.
=959  \\$fCurrently available
=979  \\$aBritish Library$bDSC$j4545.820250
=985  \\$aCorrected by BSS-generated file for WR# 08/157
=A02  \\$a102608948
=ACF  \\$aPrevious copyright fee: GBP15.00$c29\0$e01-jan-2004$fGBP15.00$g0$hP$5Uk
=ACF  \\$aCurrent copyright fee: GBP10.00$c29\0$e01-apr-2002$fGBP10.00$g0$hP$5Uk
=ACF  \\$aCurrent copyright fee: GBP2.50$c0$e03-jan-2002$fGBP2.50$g0$hC$5Uk
=ACF  \\$aPrevious copyright fee: GBP16.00$c29\0$e01-jan-2006$fGBP16.00$g0$hP$5Uk
=ACF  \\$aPrevious copyright fee: GBP18.00$c29\0$e01-jan-2008$fGBP18.00$g0$hP$5Uk
=ACF  \\$aPrevious copyright fee: GBP20.00$c29\0$e01-jan-2013$fGBP20.00$g0$hP$5Uk
=ACF  \\$aPrevious copyright fee: GBP23.00$c29\0$e01-jan-2015$fGBP23.00$g0$hP$5Uk
=ACF  \\$aPrevious copyright fee: GBP24.00$c29\0$e01-jan-2016$fGBP24.00$g0$hP$5Uk
=ACF  \\$aPrevious copyright fee: GBP26.00$c29\0$e01-jan-2017$fGBP26.00$g0$hP$5Uk
=ACF  \\$aPrevious copyright fee: GBP27.00$c29\0$e01-jan-2018$fGBP27.00$g0$hP$5Uk
=ACF  \\$aPrevious copyright fee: GBP28.00$c29\0$e01-jan-2019$fGBP28.00$g0$hP$5Uk
=ACF  \\$aPrevious Copyright Fee: GBP29.00$c29\0$e01-jan-2020$fGBP29.00$g0$hP$5Uk
=CAT  \\$aCONV$b00$c20040425$lBLL90$h0713
=CAT  \\$aBATCH-UPD$b00$c20141124$lBLL01$h1810
=CAT  \\$aBLDSS-3PM$b00$c20141208$lBLL01$h1624
=CAT  \\$aIPL-CLA$c20141231$lBLL01$h1650
=CAT  \\$aBATCH-UPD$b00$c20151119$lBLL01$h1551
=CAT  \\$aIPL-CLA$c20151231$lBLL01$h1918
=CAT  \\$aBATCH-UPD$b00$c20160524$lBLL01$h2209
=CAT  \\$aBATCH-UPD$b00$c20160525$lBLL01$h0013
=CAT  \\$aBATCH-UPD$b00$c20161122$lBLL01$h1520
=CAT  \\$aIPL-CLA$c20161230$lBLL01$h2113
=CAT  \\$aBATCH-UPD$b00$c20171121$lBLL01$h1703
=CAT  \\$aW1711-1005$c20171206$lBLL01$h1815
=CAT  \\$aIPL-CLA$c20171231$lBLL01$h1623
=CAT  \\$aBATCH-UPD$b00$c20181217$lBLL01$h1651
=CAT  \\$aIPL-CLA$c20181231$lBLL01$h1540
=CAT  \\$aW1910-0530$c20191007$lBLL01$h1114
=CAT  \\$aR1911-1518$c20191206$lBLL01$h1405
=CAT  \\$aIPL-CLA$c20191231$lBLL01$h1922
=CAT  \\$aBATCH-UPD$b00$c20220308$lBLL01$h1727
=CAT  \\$aIPL-CLA$c20220331$lBLL01$h1951
=CAT  \\$a12654$b40$c20230221$lBLL01$h1130
=CAT  \\$aS2302-1302$c20230322$lBLL01$h1708
=CAT  \\$aS2302-1302$c20230323$lBLL01$h1443
=CAT  \\$aIPL-CLA$c20230331$lBLL01$h1546
=CAT  \\$aS2304-0519$c20230412$lBLL01$h1139
=CAT  \\$aBATCH-SUPP$c20230426$lBLL01$h1108
=CFI  0\$aCurrent Copyright Fee: GBP42.00$c29\0$e01-apr-2023$fGBP42.00$g0$hP$5Uk
=CFI  2\$aPrevious copyright fee: GBP32.00$c29\0$e01-apr-2022$fGBP32.00$g0$hP$5Uk
=EST  \\$a1
=FFP  \\$aY$bBLDSS-3PM
=FIN  \\$aY
=FMT  \\$a  SE
=LAS  \\$aBATCH-SUPP$b00$c20230426$lBLL01$h1108
=LEO  \\$aMP10.0000630832
=LEO  \\$aMP22.0000064116
=LET  \0$aInternational relations of the Asia-Pacific (Electronic)
=LKR  \\$aPAR$b009911873$lBLL01$nInternational relations of the Asia-Pacific (Print)$mInternational relations of the Asia-Pacific (Online)$r776
=MNI  \\$a1470-482X
=SRC  \\$aDSS01$bbibmp10.200404.2.aa
=SRC  \\$aISN01$bbibmp22.200404.2.aa
=TCO  \\$aCLA$bCLA$c008
=TOC  \\$aETOC
=UNO  \\$aY

