=LDR  05949cas a2201357 a 4500
=001  012433570
=003  Uk
=005  20230426110817.0
=006  m\\\\\o\\d\\\\\\\\
=007  cr\cnu||||||||
=008  000131c20009999ncuqr\pso\\\\\0\\\a0eng\c
=010  \\$a00211506
=015  \\$aGBB350473$2bnb
=019  c\$a102595194
=022  0\$a1528-3585$l1528-3577$y1528-3577$202
=035  \\$a(OCoLC)43371478
=037  \\$aISSN_15283577$bPortico$nWiley
=037  2\$aISP$bOxford University Press
=037  3\$aISSN_15283577_4$bPortico$nOxford University Press
=040  \\$aNSD$cNSD$dOCLCQ$dMUQ$dNSD$dSYB$dLGG$dOCLCQ$dDOS$dOCLCQ$dUk
=042  \\$aukblsr$aissnuk
=050  14$aJZ1234$b.I58
=082  04$a327$222
=130  0\$aInternational studies perspectives (Online)
=210  0\$aInt. stud. perspect.$b(Online)
=222  \0$aInternational studies perspectives$b(Online)
=245  10$aInternational studies perspectives$h[electronic resource].
=260  \\$aMalden, MA :$bBlackwell Publishers
=260  2\$3<2012->:$a[Hoboken, N.J.?] :$bWiley
=264  31$3<2016->$a[Cary, NC] :$bpublished by Oxford University Press on behalf of International Studies Association
=310  \\$aQuarterly
=321  \\$aThree issues a year
=336  \\$atext$2rdacontent
=337  \\$acomputer$2rdamedia
=338  \\$aonline resource$2rdacarrier
=362  0\$aVol. 1, issue 1 (Apr. 2000)-
=530  \\$aAlso available in print ed.
=538  \\$aMode of access: World Wide Web.
=540  \\$aCurrent Copyright Fee: GBP32.00$c29\0$5Uk
=588  \\$aDescription based on surrogate; title from title screen.
=588  \\$aLatest issue consulted: Volume 17, issue 2 (May 2016) (Oxford Journals, viewed June 13, 2016).
=650  \0$aInternational relations$vPeriodicals.
=650  \0$aInternational relations$xResearch$vPeriodicals.
=650  \0$aInternational relations$xStudy and teaching$vPeriodicals.
=650  \0$aWorld politics$vPeriodicals.
=710  2\$aInternational Studies Association,$eissuing body.
=776  1\$tInternational studies perspectives$x1528-3577
=780  00$tInternational studies notes$x2577-9222
=852  41$aBritish Library$bHMNTS$jELD Digital store$3Volume 14:Issue 1(2013)-
=852  41$aBritish Library$bDSC$j4549.794250$3Volume 4:Issue 1(2003)-Volume 15:Issue 4(2014)***See ESTAR for full holdings.
=856  \\$31850-9999$uhttp://onlinelibrary.wiley.com/$xBLDSS
=856  40$uhttp://isp.oxfordjournals.org/
=859  \\$aELD$bejournal
=859  \\$aXLD$bejournal$cSFX
=945  \\$aINTERNATIONAL STUDIES PERSPECTIVES.
=959  \\$fCurrently available
=963  \\$aVOL. 1, 2000- *A=1$bN$cU
=979  \\$aBritish Library$bDSC$j4549.794250
=985  \\$aCorrected by BSS-generated file for WR# 08/157
=985  \\$aCorrected by MS generated file for WR# 12.018
=985  \\$aCONFERENCE ANALYTIC RECORDS EXIST
=985  \\$aISSN responsibility transferred from U.S. Center to UK (11/07/16)
=A02  \\$a102595194
=ACF  \\$aPrevious copyright fee: GBP16.00$c10\0$e01-jan-2006$fGBP16.00$g0$hP$5Uk
=ACF  \\$aPrevious copyright fee: GBP15.00$c10\0$e01-apr-2004$fGBP15.00$g0$hP$5Uk
=ACF  \\$aCurrent copyright fee: GBP13.00$c10\0$e01-apr-2003$fGBP13.00$g0$hP$5Uk
=ACF  \\$aCurrent copyright fee: GBP13.00$c10\6$e01-apr-2002$fGBP13.00$g0$hP$5Uk
=ACF  \\$aPrevious copyright fee: GBP17.00$c10\0$e01-jan-2009$fGBP17.00$g0$hP$5Uk
=ACF  \\$aPrevious copyright fee: GBP24.00$c10\0$e01-mar-2015$fGBP24.00$g0$hP$5Uk
=ACF  \\$aPrevious copyright fee: GBP22.00$c10\0$e01-jan-2011$fGBP22.00$g0$hP$5Uk
=ACF  \\$aPrevious copyright fee: GBP24.00$c29\0$e24-feb-2016$fGBP24.00$g0$hP$5Uk
=ACF  \\$aPrevious copyright fee: GBP26.00$c29\0$e01-jan-2017$fGBP26.00$g0$hP$5Uk
=ACF  \\$aPrevious copyright fee: GBP27.00$c29\0$e01-jan-2018$fGBP27.00$g0$hP$5Uk
=ACF  \\$aPrevious copyright fee: GBP28.00$c29\0$e01-jan-2019$fGBP28.00$g0$hP$5Uk
=ACF  \\$aPrevious Copyright Fee: GBP20.00$c29\0$e01-jan-2020$fGBP20.00$g0$hP$5Uk
=CAT  \\$aCONV$b00$c20040425$lBLL90$h0713
=CAT  \\$a10806$b40$c20160725$lBLL01$h1305
=CAT  \\$a10806$b40$c20160725$lBLL01$h1306
=CAT  \\$aBATCH-UPD$b40$c20161122$lBLL01$h1520
=CAT  \\$a10806$b40$c20161129$lBLL01$h1200
=CAT  \\$aIPL-CLA$c20161230$lBLL01$h2114
=CAT  \\$aBATCH-UPD$b00$c20171121$lBLL01$h1703
=CAT  \\$aW1711-1005$c20171206$lBLL01$h1815
=CAT  \\$aIPL-CLA$c20171231$lBLL01$h1623
=CAT  \\$aBATCH-UPD$b00$c20181217$lBLL01$h1651
=CAT  \\$aIPL-CLA$c20181231$lBLL01$h1540
=CAT  \\$a15005$b40$c20191012$lBLL01$h0935
=CAT  \\$a5410$b40$c20191014$lBLL01$h1038
=CAT  \\$a5410$b40$c20191016$lBLL01$h0844
=CAT  \\$aR1911-1518$c20191206$lBLL01$h1419
=CAT  \\$aIPL-CLA$c20191231$lBLL01$h1922
=CAT  \\$aBATCH-UPD$b00$c20220308$lBLL01$h1734
=CAT  \\$aIPL-CLA$c20220331$lBLL01$h1951
=CAT  \\$a5410$b40$c20221009$lBLL01$h1125
=CAT  \\$a12654$b40$c20230221$lBLL01$h1136
=CAT  \\$aS2302-1302$c20230322$lBLL01$h1708
=CAT  \\$aS2302-1302$c20230323$lBLL01$h1443
=CAT  \\$aIPL-CLA$c20230331$lBLL01$h1546
=CAT  \\$a11313$b40$c20230404$lBLL01$h1042
=CAT  \\$aS2304-0519$c20230412$lBLL01$h1139
=CAT  \\$aBATCH-SUPP$c20230426$lBLL01$h1108
=CFI  0\$aCurrent Copyright Fee: GBP32.00$c29\0$e01-apr-2023$fGBP32.00$g0$hP$5Uk
=CFI  2\$aPrevious copyright fee: GBP22.00$c29\0$e01-apr-2022$fGBP22.00$g0$hP$5Uk
=EST  \\$a1
=FFP  \\$aY$bBLDSS-3PM
=FIN  \\$aY
=FMT  \\$a  SE
=LAS  \\$aBATCH-SUPP$b00$c20230426$lBLL01$h1108
=LEO  \\$aMP10.0000630840
=LKR  \\$aPAR$b009860275$lBLL01$r776$mInternational studies perspectives (Online)$nInternational studies perspectives
=MNI  \\$a1528-3577
=SID  \\$aZ39$bOCLC
=SRC  \\$aDSS01$bbibmp10.200404.2.aa
=TCO  \\$aTRS$bCCC$c008
=TOC  \\$aETOC
=UNO  \\$aY

