=LDR  06179cas a2201417 a 4500
=001  012433571
=003  Uk
=005  20230426110817.0
=006  m\\\\\o\\d\\\\\\\\
=007  cr||||||||||||
=008  010606c19679999ncuqr\pso\\\\\0\\\a0eng\c
=010  \\$a2001227198
=015  \\$aGBB352522$2bnb
=016  \\$a012433571
=019  c\$a102086975
=022  \\$a1468-2478$202
=037  \\$aISSN_00208833$bPortico$nWiley
=037  2\$aISQ$bOxford University Press
=037  3\$aISSN_00208833_0$bPortico$nOxford University Press
=040  \\$aEYM$beng$cEYM$dOCLCQ$dF#A$dOCLCQ$dGUA$dOCLCQ$dUKMGB$dOCLCQ$dUk
=042  \\$aukblsr$aissnuk
=050  14$aD839$b.B2
=082  04$a303.482$223
=130  0\$aInternational studies quarterly (Online)
=210  0\$aInt. stud. q.$b(Online)
=222  \0$aInternational studies quarterly$b(Online)
=245  10$aInternational studies quarterly$h[electronic resource].
=260  \\$aDetroit, Mich. :$bWayne State University Press,$c1967-
=260  2\$aOxford :$bBlackwell
=264  21$aChichester :$bWiley
=264  31$32016-$a[Cary, NC] :$bPublished by Oxford University Press on behalf of the International Studies Association
=310  \\$aQuarterly
=336  \\$atext$2rdacontent
=337  \\$acomputer$2rdamedia
=338  \\$aonline resource$2rdacarrier
=362  0\$aVol. 11, no. 1 (Mar. 1967)-
=500  \\$aImprint varies.
=500  \\$aTitle from title screen (viewed June 6, 2001).
=530  \\$aAlso issued in print.
=538  \\$aMode of access: World Wide Web.
=540  \\$aCurrent Copyright Fee: GBP33.00$c29\0$5Uk
=550  \\$aPublished for the International Studies Association.
=588  \\$aLatest issue consulted: volume 60, issue 1 (1 March 2016) (Oxford Journals, viewed July 7, 2016).
=595  \\$aFORMERLY 1854.769 CHANGE BETWEEN VOL. 10(2), 1966 AND 11, 1967.
=650  \0$aInternational relations$vPeriodicals.
=650  \0$aWorld politics$vPeriodicals.
=690  7\$aSocial Welfare$2blcoll
=710  2\$aInternational Studies Association.
=776  1\$tInternational studies quarterly$x0020-8833
=780  00$tBackground (San Francisco, Calif. : Online)$x2326-2966
=852  41$aBritish Library$bHMNTS$jELD Digital store$3Volume 57:Issue 1(2013:Mar.)-***Previous issues available in print copy
=852  41$aBritish Library$bDSC$j4549.800000$3Volume 47:Issue 1(2003)-Volume 58:Issue 4(2014)***See ESTAR for full holdings.
=856  \\$31850-9999$uhttp://onlinelibrary.wiley.com/$xBLDSS
=856  40$uhttp://onlinelibrary.wiley.com/journal/10.1111/(ISSN)1468-2478
=856  40$uhttp://www.blackwellpublishing.com/journal.asp?ref=0020-8833&site=1
=856  40$uhttp://www.jstor.org/journals/00208833.html
=856  40$uhttp://isq.oxfordjournals.org/
=859  \\$aELD$bejournal
=859  \\$aXLD$bejournal$cSFX
=945  \\$aInternational studies quarterly
=959  \\$fCurrently available
=963  \\$aVOL. 11, 1967- *A=1$bN$cP214.C.335
=979  \\$aBritish Library$bDSC$j4549.800000
=985  \\$aCorrected by BSS-generated file for WR# 08/157
=985  \\$aISSN responsibility transferred to U.S. Center (Richard, 22/06/15)
=985  \\$aISSN responsibility transferred back to ISSN UK Centre 8.8.16.
=A02  \\$a102086975
=ACF  \\$aPrevious copyright fee: GBP16.00$c10\0$e01-jan-2006$fGBP16.00$g0$hP$5Uk
=ACF  \\$aPrevious copyright fee: GBP15.00$c10\0$e01-apr-2004$fGBP15.00$g0$hP$5Uk
=ACF  \\$aCurrent copyright fee: GBP13.00$c10\0$e01-apr-2003$fGBP13.00$g0$hP$5Uk
=ACF  \\$aCurrent copyright fee: GBP13.00$c10\6$e01-apr-2002$fGBP13.00$g0$hP$5Uk
=ACF  \\$aPrevious copyright fee: GBP17.00$c10\0$e01-jan-2009$fGBP17.00$g0$hP$5Uk
=ACF  \\$aPrevious copyright fee: GBP24.00$c10\0$e01-mar-2015$fGBP24.00$g0$hP$5Uk
=ACF  \\$aPrevious copyright fee: GBP22.00$c10\0$e01-jan-2011$fGBP22.00$g0$hP$5Uk
=ACF  \\$aPrevious copyright fee: GBP24.00$c29\0$e24-feb-2016$fGBP24.00$g0$hP$5Uk
=ACF  \\$aPrevious copyright fee: GBP26.00$c29\0$e01-jan-2017$fGBP26.00$g0$hP$5Uk
=ACF  \\$aPrevious copyright fee: GBP27.00$c29\0$e01-jan-2018$fGBP27.00$g0$hP$5Uk
=ACF  \\$aPrevious copyright fee: GBP28.00$c29\0$e01-jan-2019$fGBP28.00$g0$hP$5Uk
=ACF  \\$aPrevious Copyright Fee: GBP20.00$c29\0$e01-jan-2020$fGBP20.00$g0$hP$5Uk
=CAT  \\$aCONV$b00$c20040425$lBLL90$h0713
=CAT  \\$a10806$b40$c20160707$lBLL01$h1141
=CAT  \\$a10806$b40$c20160727$lBLL01$h1611
=CAT  \\$a10973$b40$c20160808$lBLL01$h1000
=CAT  \\$aBATCH-UPD$b40$c20161122$lBLL01$h1520
=CAT  \\$aIPL-CLA$c20161230$lBLL01$h2114
=CAT  \\$aBATCH-UPD$b00$c20171121$lBLL01$h1703
=CAT  \\$aW1711-1005$c20171206$lBLL01$h1815
=CAT  \\$aIPL-CLA$c20171231$lBLL01$h1623
=CAT  \\$aBATCH-UPD$b00$c20181217$lBLL01$h1651
=CAT  \\$aIPL-CLA$c20181231$lBLL01$h1540
=CAT  \\$a5410$b40$c20190816$lBLL01$h1215
=CAT  \\$a5410$b40$c20190816$lBLL01$h1216
=CAT  \\$a15005$b40$c20191012$lBLL01$h0945
=CAT  \\$aR1911-1518$c20191206$lBLL01$h1419
=CAT  \\$aIPL-CLA$c20191231$lBLL01$h1922
=CAT  \\$a8055$b40$c20200828$lBLL01$h1244
=CAT  \\$a5410$b40$c20220107$lBLL01$h1559
=CAT  \\$aBATCH-UPD$b40$c20220308$lBLL01$h1734
=CAT  \\$aIPL-CLA$c20220331$lBLL01$h1951
=CAT  \\$a12654$b40$c20230221$lBLL01$h1150
=CAT  \\$aS2302-1302$c20230322$lBLL01$h1708
=CAT  \\$aS2302-1302$c20230323$lBLL01$h1443
=CAT  \\$aIPL-CLA$c20230331$lBLL01$h1546
=CAT  \\$aS2304-0519$c20230412$lBLL01$h1139
=CAT  \\$aBATCH-SUPP$c20230426$lBLL01$h1108
=CFI  0\$aCurrent Copyright Fee: GBP33.00$c29\0$e01-apr-2023$fGBP33.00$g0$hP$5Uk
=CFI  2\$aPrevious copyright fee: GBP22.00$c29\0$e01-apr-2022$fGBP22.00$g0$hP$5Uk
=EST  \\$a1
=FFP  \\$aY$bBLDSS-3PM
=FIN  \\$aY
=FMT  \\$a  SE
=LAS  \\$aBATCH-SUPP$b00$c20230426$lBLL01$h1108
=LEO  \\$aMP10.0000630841
=LEO  \\$aMP22.0000062437
=MNI  \\$a0020-8833
=SID  \\$aZ39$bOCLC
=SRC  \\$aISN01$bbibmp22.200404.2.aa
=SRC  \\$aDSS01$bbibmp10.200404.2.aa
=TCO  \\$aTRS$bCCC$c008
=TOC  \\$aETOC
=UNO  \\$aY

