=LDR  06014cas a2201357 a 4500
=001  012433572
=003  Uk
=005  20230426110817.0
=006  m\\\\\o\\d\\\\\\\\
=007  cr||||||||||||
=008  991129c19999999ncuqr\pso\o\\\0\\\a0eng\c
=010  \\$a2005236630
=015  \\$aGBB352628$2bnb
=019  c\$a102586167
=022  0\$a1468-2486$202
=035  \\$a(OCoLC)42897785$z(OCoLC)48887517
=037  \\$aISSN_15219488$bPortico$nWiley
=037  2\$aISR$bOxford University Press
=037  3\$aISSN_15219488_4$bPortico$nOxford University Press
=040  \\$aF#A$beng$cF#A$dOCL$dOCLCQ$dEYM$dHUL$dOCLCQ$dUk
=042  \\$aukblsr$aissnuk
=050  \4$aD839
=082  04$a320.05$223
=130  0\$aInternational studies review (Malden, Mass. : Online)
=222  \0$aInternational studies review$b(Malden. Mass. Online)
=245  10$aInternational studies review$h[electronic resource].
=260  \\$aMalden, Mass. :$bBlackwell Publishers,$cc1999-
=264  21$aMalden MA :$bJohn Wiley & Sons Inc
=264  31$a[Cary, NC] :$bPublished by Oxford University Press on behalf of the International Studies Association
=310  \\$aQuarterly,$b2003-
=321  \\$aThree no. a year,$b1999-2002
=336  \\$atext$2rdacontent
=337  \\$acomputer$2rdamedia
=338  \\$aonline resource$2rdacarrier
=362  0\$aVol. 1, issue 1 (spring 1999)-
=500  \\$aTitle from title screen (JSTOR, viewed Mar. 9, 2005).
=530  \\$aAlso issued in print.
=538  \\$aMode of access: World Wide Web.
=540  \\$aCurrent Copyright Fee: GBP33.00$c29\0$5Uk
=550  \\$aPublished for the International Studies Association.
=588  \\$aLatest issue consulted: volume 18, issue 1 (1 March 2016) (Oxford Journals, viewed July 7, 2016).
=650  \0$aInternational relations$vPeriodicals.
=650  \0$aWorld politics$vPeriodicals.
=710  2\$aInternational Studies Association.
=776  1\$tInternational studies review (Malden, Mass.)$x1521-9488
=780  00$tMershon international studies review$x2330-5991
=852  41$aBritish Library$bHMNTS$jELD Digital store$3Volume 15:Issue 1(2013:Mar.)-***Previous issues available in print copy
=852  41$aBritish Library$bDSC$j4549.805000$3Volume 4:Issue 3(2002)-Volume 16:Issue 4(2014)***See ESTAR for full holdings.
=856  \\$31850-9999$uhttp://onlinelibrary.wiley.com/$xBLDSS
=856  40$uhttp://onlinelibrary.wiley.com/journal/10.1111/(ISSN)1468-2486
=856  40$uhttp://www.blackwellpublishing.com/journal.asp?ref=1521-9488&site=1
=856  40$uhttp://www.ingenta.com/journals/browse/bpl/misr?mode=direct
=856  40$uhttp://www.jstor.org/journals/15219488.html
=856  40$uhttp://isr.oxfordjournals.org/
=859  \\$aELD$bejournal
=859  \\$aXLD$bejournal$cSFX
=945  \\$aInternational studies review
=959  \\$fCurrently available
=979  \\$aBritish Library$bDSC$j4549.805000
=985  \\$aCONFERENCE ANALYTIC RECORDS EXIST
=A02  \\$a102586167
=ACF  \\$aPrevious copyright fee: GBP16.00$c10\0$e01-jan-2006$fGBP16.00$g0$hP$5Uk
=ACF  \\$aPrevious copyright fee: GBP15.00$c10\0$e01-apr-2004$fGBP15.00$g0$hP$5Uk
=ACF  \\$aCurrent copyright fee: GBP13.00$c10\0$e01-apr-2003$fGBP13.00$g0$hP$5Uk
=ACF  \\$aCurrent copyright fee: GBP13.00$c10\6$e01-apr-2002$fGBP13.00$g0$hP$5Uk
=ACF  \\$aPrevious copyright fee: GBP17.00$c10\0$e01-jan-2009$fGBP17.00$g0$hP$5Uk
=ACF  \\$aPrevious copyright fee: GBP24.00$c10\0$e01-mar-2015$fGBP24.00$g0$hP$5Uk
=ACF  \\$aPrevious copyright fee: GBP22.00$c10\0$e01-jan-2011$fGBP22.00$g0$hP$5Uk
=ACF  \\$aPrevious copyright fee: GBP24.00$c29\0$e24-feb-2016$fGBP24.00$g0$hP$5Uk
=ACF  \\$aPrevious copyright fee: GBP26.00$c29\0$e01-jan-2017$fGBP26.00$g0$hP$5Uk
=ACF  \\$aPrevious copyright fee: GBP27.00$c29\0$e01-jan-2018$fGBP27.00$g0$hP$5Uk
=ACF  \\$aPrevious copyright fee: GBP28.00$c29\0$e01-jan-2019$fGBP28.00$g0$hP$5Uk
=ACF  \\$aPrevious Copyright Fee: GBP20.00$c29\0$e01-jan-2020$fGBP20.00$g0$hP$5Uk
=CAT  \\$aCONV$b00$c20040425$lBLL90$h0713
=CAT  \\$a8311$b40$c20160311$lBLL01$h1446
=CAT  \\$aBATCH-UPD$b40$c20160620$lBLL01$h0155
=CAT  \\$a10806$b40$c20160707$lBLL01$h1307
=CAT  \\$a10806$b40$c20160727$lBLL01$h1606
=CAT  \\$aBATCH-UPD$b40$c20161122$lBLL01$h1520
=CAT  \\$aIPL-CLA$c20161230$lBLL01$h2114
=CAT  \\$aBATCH-UPD$b00$c20171121$lBLL01$h1703
=CAT  \\$aW1711-1005$c20171206$lBLL01$h1815
=CAT  \\$aIPL-CLA$c20171231$lBLL01$h1623
=CAT  \\$aBATCH-UPD$b00$c20181217$lBLL01$h1651
=CAT  \\$aIPL-CLA$c20181231$lBLL01$h1540
=CAT  \\$a5410$b40$c20190909$lBLL01$h1344
=CAT  \\$a15005$b40$c20191012$lBLL01$h0950
=CAT  \\$aR1911-1518$c20191206$lBLL01$h1419
=CAT  \\$aIPL-CLA$c20191231$lBLL01$h1922
=CAT  \\$aBATCH-UPD$b00$c20220308$lBLL01$h1734
=CAT  \\$aIPL-CLA$c20220331$lBLL01$h1951
=CAT  \\$a5410$b40$c20221009$lBLL01$h1126
=CAT  \\$a12654$b40$c20230221$lBLL01$h1157
=CAT  \\$a10973$b40$c20230317$lBLL01$h1326
=CAT  \\$aS2302-1302$c20230322$lBLL01$h1708
=CAT  \\$aS2302-1302$c20230323$lBLL01$h1443
=CAT  \\$aIPL-CLA$c20230331$lBLL01$h1546
=CAT  \\$aS2304-0519$c20230412$lBLL01$h1139
=CAT  \\$aBATCH-SUPP$c20230426$lBLL01$h1108
=CFI  0\$aCurrent Copyright Fee: GBP33.00$c29\0$e01-apr-2023$fGBP33.00$g0$hP$5Uk
=CFI  2\$aPrevious copyright fee: GBP22.00$c29\0$e01-apr-2022$fGBP22.00$g0$hP$5Uk
=EST  \\$a1
=FFP  \\$aY$bBLDSS-3PM
=FIN  \\$aY
=FMT  \\$a  SE
=LAS  \\$aBATCH-SUPP$b00$c20230426$lBLL01$h1108
=LEO  \\$aMP22.0000062438
=LEO  \\$aMP10.0000630842
=LKR  \\$aPAR$b009860280$lBLL01$r776$mInternational studies review (Online)$nInternational studies review (Print)
=MNI  \\$a1521-9488
=SID  \\$aZ39$bOCLC
=SRC  \\$aISN01$bbibmp22.200404.2.aa
=SRC  \\$aDSS01$bbibmp10.200404.2.aa
=TCO  \\$aCLA$bCLA$c008
=TOC  \\$aETOC
=UNO  \\$aY

