=LDR  06080cas a2201369 a 4500
=001  012433591
=003  Uk
=005  20230426110817.0
=006  m\\\\\o\\d\\\\\\\\
=007  cr\|||||||||||
=008  751101c19719999enkmr\pso\\\\\0\\\a0eng\c
=010  \\$a  2008233491
=015  \\$aGBB420224$2bnb
=016  7\$a1494610-5$2DE-600
=019  c\$a102089853
=022  0\$a1465-3621$l0368-2811$202
=030  \\$aJJCOAC
=035  \\$a(OCoLC)49372166
=037  \\$ajjco$bOxford University Press
=037  3\$aISSN_03682811$bPortico$nOxford University Press
=040  \\$aNjP$beng$cNjP$dOCoLC$dGU$dOCoLC$dHEBIS$dOCoLC$dUk
=042  \\$aukblsr$aissnuk
=050  14$aRC254
=082  04$a616.994005$223
=130  0\$aJapanese journal of clinical oncology (Online)
=210  0\$aJpn. j. clin. oncol.$b(Online)
=222  \0$aJapanese journal of clinical oncology$b(Online)
=245  10$aJapanese journal of clinical oncology$h[electronic resource] :$bJJCO.
=246  30$aJJCO
=246  13$aJapanese journal of clinical oncology online
=260  \\$aOxford, UK :$bOxford University Press
=310  \\$aMonthly,$b1998-
=321  \\$a6 issues a year,$b-1997
=336  \\$atext$2rdacontent
=337  \\$acomputer$2rdamedia
=338  \\$aonline resource$2rdacarrier
=362  1\$aPrint began with vol. 1 (Jan. 1971).
=530  \\$aAlso issued in print.
=538  \\$aMode of access: World Wide Web.
=540  \\$aCurrent Copyright Fee: GBP32.00$c29\0$5Uk
=550  \\$aPublished in association with the Foundation for Promotion of Cancer Research.
=588  \\$aDescription based on: Vol. 26, no. 1 (Feb. 1996); title from contents screen (OxfordJournals, viewed Mar. 31, 2008).
=588  \\$aLatest issue consulted: volume 44, number 2 (February 2014) (viewed February 20, 2014).
=595  \\$aSEE ALSO CARD INDEX.
=650  \0$aOncology$vPeriodicals.
=650  \0$aCancer$vPeriodicals.
=710  2\$aFoundation for Promotion of Cancer Research.
=776  1\$tJapanese journal of clinical oncology$x0368-2811
=852  41$aBritish Library$bHMNTS$jELD Digital store$3Volume 44:Number 1(2014:Jan.)-***Previous issues available in print copy
=852  41$aBritish Library$bDSC$j4651.378000$3jan-2000 VOL 30 PART 1-Volume 52:Issue 4(2022)***See ESTAR for full holdings.
=856  \\$31850-9999$uhttp://ukcatalogue.oup.com/$xBLDSS
=856  40$uhttp://jjco.oupjournals.org/
=859  \\$aELD$bejournal
=859  \\$aXLD$bejournal$cSFX
=945  \\$aJapanese journal of clinical oncology
=959  \\$fCurrently available
=979  \\$aBritish Library$bDSC$j4651.378000
=985  \\$aCONFERENCE ANALYTIC RECORDS EXIST
=985  \\$aISSN Centre note: Key title was completed as: Japanese journal of clinical oncology online (in 2000) source of title not specified. Changed to match title proper and added as variant title - SF 20/2/2014.
=A02  \\$a102089853
=ACF  \\$aPrevious copyright fee: GBP15.00$c29\0$e01-jan-2004$fGBP15.00$g0$hP$5Uk
=ACF  \\$aCurrent copyright fee: GBP10.00$c29\0$e01-apr-2002$fGBP10.00$g0$hP$5Uk
=ACF  \\$aCurrent copyright fee: GBP13.00$c0$e01-jul-2001$fGBP13.00$g0$hC$5Uk
=ACF  \\$aPrevious Copyright Fee: GBP16.00$c29\0$e01-jan-2006$fGBP16.00$g0$hP$5Uk
=ACF  \\$aPrevious copyright fee: GBP18.00$c29\0$e01-jan-2008$fGBP18.00$g0$hP$5Uk
=ACF  \\$aPrevious copyright fee: GBP20.00$c29\0$e01-jan-2013$fGBP20.00$g0$hP$5Uk
=ACF  \\$aPrevious copyright fee: GBP23.00$c29\0$e01-jan-2015$fGBP23.00$g0$hP$5Uk
=ACF  \\$aPrevious copyright fee: GBP24.00$c29\0$e01-jan-2016$fGBP24.00$g0$hP$5Uk
=ACF  \\$aPrevious copyright fee: GBP26.00$c29\0$e01-jan-2017$fGBP26.00$g0$hP$5Uk
=ACF  \\$aPrevious copyright fee: GBP27.00$c29\0$e01-jan-2018$fGBP27.00$g0$hP$5Uk
=ACF  \\$aPrevious copyright fee: GBP28.00$c29\0$e01-jan-2019$fGBP28.00$g0$hP$5Uk
=ACF  \\$aPrevious Copyright Fee: GBP20.00$c29\0$e01-jan-2020$fGBP20.00$g0$hP$5Uk
=CAT  \\$aCONV$b00$c20040425$lBLL90$h0713
=CAT  \\$aBATCH-UPD$b00$c20141124$lBLL01$h1810
=CAT  \\$aBLDSS-3PM$b00$c20141208$lBLL01$h1624
=CAT  \\$aIPL-CLA$c20141231$lBLL01$h1650
=CAT  \\$aBATCH-UPD$b00$c20151119$lBLL01$h1551
=CAT  \\$aIPL-CLA$c20151231$lBLL01$h1918
=CAT  \\$aBATCH-UPD$b00$c20160524$lBLL01$h2209
=CAT  \\$aBATCH-UPD$b00$c20160525$lBLL01$h0013
=CAT  \\$aBATCH-UPD$b00$c20161122$lBLL01$h1520
=CAT  \\$aIPL-CLA$c20161230$lBLL01$h2114
=CAT  \\$aBATCH-UPD$b00$c20171121$lBLL01$h1703
=CAT  \\$aW1711-1005$c20171206$lBLL01$h1815
=CAT  \\$aIPL-CLA$c20171231$lBLL01$h1623
=CAT  \\$aBATCH-UPD$b00$c20181217$lBLL01$h1651
=CAT  \\$aIPL-CLA$c20181231$lBLL01$h1540
=CAT  \\$aW1910-0530$c20191007$lBLL01$h1114
=CAT  \\$aR1911-1518$c20191206$lBLL01$h1419
=CAT  \\$aIPL-CLA$c20191231$lBLL01$h1922
=CAT  \\$aBATCH-UPD$b00$c20220308$lBLL01$h1734
=CAT  \\$aIPL-CLA$c20220331$lBLL01$h1951
=CAT  \\$a12654$b40$c20221104$lBLL01$h1346
=CAT  \\$aS2302-1302$c20230322$lBLL01$h1708
=CAT  \\$aS2302-1302$c20230323$lBLL01$h1443
=CAT  \\$aIPL-CLA$c20230331$lBLL01$h1546
=CAT  \\$aS2304-0519$c20230412$lBLL01$h1139
=CAT  \\$aBATCH-SUPP$c20230426$lBLL01$h1108
=CFI  0\$aCurrent Copyright Fee: GBP32.00$c29\0$e01-apr-2023$fGBP32.00$g0$hP$5Uk
=CFI  2\$aPrevious copyright fee: GBP22.00$c29\0$e01-apr-2022$fGBP22.00$g0$hP$5Uk
=EST  \\$a1
=FFP  \\$aY$bBLDSS-3PM
=FIN  \\$aY
=FIN  \\$aY$b20221104
=FMT  \\$a  SE
=LAS  \\$aBATCH-SUPP$b00$c20230426$lBLL01$h1108
=LEO  \\$aMP10.0000630861
=LEO  \\$aMP22.0000060180
=LET  \0$aJapanese journal of clinical oncology (Electronic)
=LKR  \\$aPAR$b008213953$lBLL01$r776$mJapanese journal of clinical oncology [electronic resource].$nJapanese journal of clinical oncology (Print).
=MNI  \\$a0368-2811
=SRC  \\$aDSS01$bbibmp10.200404.2.aa
=SRC  \\$aBLL02
=SRC  \\$aISN01$bbibmp22.200404.2.aa
=TCO  \\$aJPN$bJAACC$c008
=TOC  \\$aETOC
=UNO  \\$aY

