=LDR  06107cas a2201297 a 4500
=001  012433616
=003  Uk
=005  20230706105017.0
=006  m\\\\\o\\d\\\\\\\\
=007  cr\cnu||||||||
=008  040410c19889999enkqr\pso\\\\\0\\\a0eng\\
=015  \\$aGBB351293$2bnb
=019  c\$a102092504
=022  0\$a1467-985X$l0964-1998$y0964-1998$y0035-9238$202
=037  \\$aISSN_09641998$bPortico$nWiley
=037  3\$aISSN_09641998_4$bPortico$nOxford University Press
=040  \\$aUk$beng$cUk$dUk
=042  \\$aukblsr$aissnuk
=082  04$a300.15195$220
=130  0\$aJournal of the Royal Statistical Society.$nSeries A,$pStatistics in society (Online)
=210  0\$aJ. R. Stat. Soc., Ser. A Stat. soc.$b(Online)
=222  \0$aJournal of the Royal Statistical Society. Series A, Statistics in society$b(Online)
=245  10$aJournal of the Royal Statistical Society.$nSeries A,$pStatistics in society$h[electronic resource].
=246  30$aStatistics in society
=260  \\$aLondon [England] :$bRoyal Statistical Society,$c1988-
=264  21$a[Oxford] :$bPublished by John Wiley & Sons Ltd on behalf of the Royal Statistical Society
=264  31$32023-$aOxford :$bOxford University Press
=310  \\$aQuarterly
=321  \\$aThrice-annual
=336  \\$atext$2rdacontent
=337  \\$acomputer$2rdamedia
=338  \\$aonline resource$2rdacarrier
=362  0\$aVol. 151, pt. 1 (1988)-
=500  \\$aPublished: Oxford, U.K. : Blackwell Publishers, 1990->.
=538  \\$aMode of access: World Wide Web.
=540  \\$aCurrent Copyright Fee: GBP40.00$c29\0$5Uk
=588  \\$aLatest issue consulted: volume 186, issue 2 (April 2023) (Oxford Academic, viewed June 14, 2023).
=595  \\$aFORMERLY 4865.9 UP TO VOL. 110, 1947.
=650  \0$aSocial sciences$xStatistical methods$vPeriodicals.
=650  \0$aStatistics$vPeriodicals.
=710  2\$aRoyal Statistical Society (Great Britain)
=776  08$iAlso issued in print as:$tJournal of the Royal Statistical Society. Series A, Statistics in society$x0964-1998
=780  00$tJournal of the Royal Statistical Society. Series A, General$x2397-2327
=852  41$aBritish Library$bDSC$j4866.000000$3Volume 160:Issue 3(1997)-Volume 181:Issue 2(2018)***See ESTAR for full holdings.
=852  41$aBritish Library$bSTI$jELD Digital store$3Volume 176:Number 1(2013:Jan.)-***Previous issues available in print copy
=856  \\$31850-9999$uhttp://onlinelibrary.wiley.com/$xBLDSS
=856  40$uhttp://rss.onlinelibrary.wiley.com/hub/journal/10.1111/(ISSN)1467-985X/
=856  40$uhttps://academic.oup.com/jrsssa
=859  \\$aXLD$bejournal$cSFX
=859  \\$aELD$bejournal
=945  \\$aJOURNAL- ROYAL STATISTICAL SOCIETY SERIES A.
=959  \\$fCurrently available
=963  \\$aVOL. 111, 1948- *A=1$bY$cP202.C.26
=964  \\$aVOL. 111, 1948- *A=1$c519.2$dO$eTL8884
=979  \\$aBritish Library$bDSC$j4866.000000
=985  \\$aCorrected by BSS-generated file for WR# 08/157
=985  \\$aISSN responsibility transferred to U.S. ISSN Center from ISSN UK Centre, Wiley, Multinational Publisher List, Summer 2017.
=985  \\$aISSN UK Centre: Responsibility transfer in progress (Richard, 21/6/22) ; UK coding added to record 14/6/23, Portal has already been updated to UK (DLW).
=A02  \\$a102092504
=ACF  \\$aPrevious copyright fee: GBP16.00$c10\0$e01-jan-2006$fGBP16.00$g0$hP$5Uk
=ACF  \\$aPrevious copyright fee: GBP15.00$c10\0$e01-apr-2004$fGBP15.00$g0$hP$5Uk
=ACF  \\$aCurrent copyright fee: GBP13.00$c10\0$e01-apr-2003$fGBP13.00$g0$hP$5Uk
=ACF  \\$aCurrent copyright fee: GBP13.00$c10\6$e01-apr-2002$fGBP13.00$g0$hP$5Uk
=ACF  \\$aPrevious copyright fee: GBP17.00$c10\0$e01-jan-2009$fGBP17.00$g0$hP$5Uk
=ACF  \\$aPrevious copyright fee: GBP22.00$c10\0$e01-jan-2011$fGBP22.00$g0$hP$5Uk
=ACF  \\$aPrevious copyright fee: GBP24.00$c10\0$e01-mar-2015$fGBP24.00$g0$hP$5Uk
=ACF  \\$aPrevious copyright fee: GBP24.00$c35\0$e07-mar-2017$fGBP24.00$g0$hP$5Uk
=ACF  \\$aPrevious copyright fee: GBP28.00$c35\0$e01-jan-2019$fGBP28.00$g0$hP$5Uk
=ACF  \\$aPrevious Copyright Fee: GBP32.00$c35\0$e01-jan-2020$fGBP32.00$g0$hP$5Uk
=CAT  \\$aCONV$b00$c20040425$lBLL90$h0713
=CAT  \\$aW1703-0316$c20170306$lBLL01$h1823
=CAT  \\$aW1703-0316$c20170307$lBLL01$h1647
=CAT  \\$aIPL-CLA$c20170307$lBLL01$h1823
=CAT  \\$aISSN$b40$c20170314$lBLL01$h1617
=CAT  \\$a11205$b40$c20170725$lBLL01$h1133
=CAT  \\$aW1711-1005$c20171206$lBLL01$h1815
=CAT  \\$aBATCH-UPD$b00$c20180219$lBLL01$h1745
=CAT  \\$aW1805-0471$c20180520$lBLL01$h1138
=CAT  \\$aBATCH-UPD$b00$c20181121$lBLL01$h1620
=CAT  \\$aIPL-CLA$c20181231$lBLL01$h1540
=CAT  \\$aR1911-0245$c20191127$lBLL01$h0822
=CAT  \\$aR1911-0245$c20191127$lBLL01$h1045
=CAT  \\$aIPL-CLA$c20191231$lBLL01$h1922
=CAT  \\$aW2111-0842$c20211208$lBLL01$h1942
=CAT  \\$aIPL-CLA$c20211231$lBLL01$h1542
=CAT  \\$a10806$b40$c20220621$lBLL01$h1514
=CAT  \\$a5410$b40$c20230114$lBLL01$h1516
=CAT  \\$a15190$b40$c20230119$lBLL01$h1018
=CAT  \\$aS2302-1302$c20230323$lBLL01$h1444
=CAT  \\$aIPL-CLA$c20230331$lBLL01$h1546
=CAT  \\$a11450$b40$c20230403$lBLL01$h1521
=CAT  \\$aS2304-0519$c20230412$lBLL01$h1139
=CAT  \\$aBATCH-SUPP$c20230426$lBLL01$h1108
=CAT  \\$a10973$b40$c20230614$lBLL01$h1550
=CAT  \\$a12654$b40$c20230706$lBLL01$h1050
=CFI  0\$aCurrent Copyright Fee: GBP40.00$c29\0$e01-apr-2023$fGBP40.00$g0$hP$5Uk
=CFI  2\$aPrevious copyright fee: GBP39.00$c35\0$e01-jan-2022$fGBP39.00$g0$hP$5Uk
=EST  \\$a1
=FFP  \\$aY$bBLDSS-3PM
=FIN  \\$aY
=FMT  \\$a  SE
=LAS  \\$a12654$b40$c20230706$lBLL01$h1050
=LEO  \\$aMP10.0000630886
=LEO  \\$aMP22.0000062221
=LET  \0$aJournal of the Royal Statistical Society. Series A. Statistics in society (Electronic)
=MNI  \\$a0964-1998
=SRC  \\$aISN01$bbibmp22.200404.2.aa
=SRC  \\$aDSS01$bbibmp10.200404.2.aa
=TCO  \\$aCLA$bCLA$c008
=TOC  \\$aETOC
=UNO  \\$aY

