=LDR  05726cas a2201261 a 4500
=001  012433617
=003  Uk
=005  20230815182836.0
=006  m\\\\\o\\d\\\\\\\\
=007  cr\an|||||||||
=008  040410c19989999enkqr\pso\\\\\0\\\a0eng\\
=015  \\$aGBB351233$2bnb
=019  c\$a102603008
=022  0\$a1467-9868$l1369-7412$y1369-7412$202
=037  \\$aISSN_13697412$bPortico$nWiley
=037  3\$aISSN_13697412_4$bPortico$nOxford University Press
=040  \\$aUk$cUk$dUk
=042  \\$aukblsr$aissnuk
=082  04$a519.2$221
=130  0\$aJournal of the Royal Statistical Society. Series B, Statistical methodology (Online)
=210  0\$aJ. R. Stat. Soc., Ser. B Stat. methodol.$b(Online)
=222  \0$aJournal of the Royal Statistical Society. Series B, Statistical methodology$b(Online)
=245  10$aJournal of the Royal Statistical Society.$nSeries B,$pStatistical methodology$h[electronic resource].
=246  30$aStatistical methodology
=260  \\$aOxford, U.K. :$bBlackwell Publishers,$c1998-
=264  31$32023-$aOxford :$bOxford University Press
=310  \\$aFive issues a year,$b2005-
=321  \\$aQuarterly,$b1998-2004
=336  \\$atext$2rdacontent
=337  \\$acomputer$2rdamedia
=338  \\$aonline resource$2rdacarrier
=362  0\$aVol. 60, pt. 1 (1998)-
=500  \\$aTitle from title screen (viewed Jan. 3, 2003).
=530  \\$aAlso issued in print.
=538  \\$aMode of access: World Wide Web.
=540  \\$aCurrent Copyright Fee: GBP40.00$c29\0$5Uk
=588  \\$aLatest issue consulted: volume 85, number 2 (April 2023) (Oxford Academic, viewed June 14, 2023).
=595  \\$aFORMERLY 4867.00 CHANGE BETWEEN VOL. 59(3), 1997 AND 60(1), 1998 SEE ALSO 4867.00 FOR OTHER EXTERNAL LIBRARY HOLDINGS.
=650  \0$aStatistics$vPeriodicals.
=651  \0$aGreat Britain$vStatistics$vPeriodicals.
=710  2\$aRoyal Statistical Society (Great Britain)
=776  1\$tJournal of the Royal Statistical Society. Series B, Statistical methodology$x1369-7412
=780  00$tJournal of the Royal Statistical Society. Series B (Methodological)$x2517-6161
=852  41$aBritish Library$bSTI$jELD Digital store$3Volume 75:Number 1(2013:Jan.)-***Previous issues available in print copy
=852  41$aBritish Library$bDSC$j4867.020000$3Volume 61:Part 2(1999)-Volume 73:Issue 5(2011)***See ESTAR for full holdings.
=856  \\$31850-9999$uhttp://onlinelibrary.wiley.com/$xBLDSS
=856  40$uhttp://www.blackwellpublishing.com/journal.asp?ref=1369-7412$zLink no longer valid
=856  40$uhttps://rss.onlinelibrary.wiley.com/journal/14679868
=856  40$uhttps://academic.oup.com/jrsssb
=859  \\$aELD$bejournal
=859  \\$aXLD$bejournal$cSFX
=945  \\$aJOURNAL- ROYAL STATISTICAL SOCIETY SERIES B STATISTICAL METHODOLOGY.
=959  \\$fCurrently available
=963  \\$aVOL. 10, 1948- *A=1$bY$cP202.C.30
=979  \\$aBritish Library$bDSC$j4867.020000
=985  \\$aCorrected by BSS-generated file for WR# 08/157
=A02  \\$a102603008
=ACF  \\$aPrevious copyright fee: GBP16.00$c10\0$e01-jan-2006$fGBP16.00$g0$hP$5Uk
=ACF  \\$aPrevious copyright fee: GBP15.00$c10\0$e01-apr-2004$fGBP15.00$g0$hP$5Uk
=ACF  \\$aCurrent copyright fee: GBP13.00$c10\0$e01-apr-2003$fGBP13.00$g0$hP$5Uk
=ACF  \\$aCurrent copyright fee: GBP13.00$c10\6$e01-apr-2002$fGBP13.00$g0$hP$5Uk
=ACF  \\$aPrevious copyright fee: GBP17.00$c10\0$e01-jan-2009$fGBP17.00$g0$hP$5Uk
=ACF  \\$aPrevious copyright fee: GBP22.00$c10\0$e01-jan-2011$fGBP22.00$g0$hP$5Uk
=ACF  \\$aPrevious copyright fee: GBP24.00$c10\0$e01-mar-2015$fGBP24.00$g0$hP$5Uk
=ACF  \\$aPrevious copyright fee: GBP24.00$c35\0$e07-mar-2017$fGBP24.00$g0$hP$5Uk
=ACF  \\$aPrevious copyright fee: GBP28.00$c35\0$e01-jan-2019$fGBP28.00$g0$hP$5Uk
=ACF  \\$aPrevious Copyright Fee: GBP32.00$c35\0$e01-jan-2020$fGBP32.00$g0$hP$5Uk
=CAT  \\$aCONV$b00$c20040425$lBLL90$h0713
=CAT  \\$aIPL-CLA$c20150228$lBLL01$h2046
=CAT  \\$aBATCH-UPD$b00$c20160616$lBLL01$h1949
=CAT  \\$aW1703-0316$c20170306$lBLL01$h1823
=CAT  \\$aW1703-0316$c20170307$lBLL01$h1647
=CAT  \\$aIPL-CLA$c20170307$lBLL01$h1823
=CAT  \\$aW1711-1005$c20171206$lBLL01$h1815
=CAT  \\$aBATCH-UPD$b00$c20180219$lBLL01$h1745
=CAT  \\$a10806$b40$c20180822$lBLL01$h1343
=CAT  \\$aBATCH-UPD$b40$c20181121$lBLL01$h1620
=CAT  \\$aIPL-CLA$c20181231$lBLL01$h1540
=CAT  \\$aR1911-0245$c20191127$lBLL01$h0822
=CAT  \\$aR1911-0245$c20191127$lBLL01$h1045
=CAT  \\$aIPL-CLA$c20191231$lBLL01$h1922
=CAT  \\$aW2111-0842$c20211208$lBLL01$h1942
=CAT  \\$aIPL-CLA$c20211231$lBLL01$h1542
=CAT  \\$a10806$b40$c20220621$lBLL01$h1516
=CAT  \\$a15731$b40$c20230126$lBLL01$h1425
=CAT  \\$aS2302-1302$c20230323$lBLL01$h1444
=CAT  \\$aIPL-CLA$c20230331$lBLL01$h1546
=CAT  \\$a11450$b40$c20230403$lBLL01$h1523
=CAT  \\$aS2304-0519$c20230412$lBLL01$h1139
=CAT  \\$aBATCH-SUPP$c20230426$lBLL01$h1108
=CAT  \\$a10973$b40$c20230614$lBLL01$h1606
=CAT  \\$a12654$b40$c20230706$lBLL01$h1101
=CAT  \\$a10983$b40$c20230815$lBLL01$h1828
=CFI  0\$aCurrent Copyright Fee: GBP40.00$c29\0$e01-apr-2023$fGBP40.00$g0$hP$5Uk
=CFI  2\$aPrevious copyright fee: GBP39.00$c35\0$e01-jan-2022$fGBP39.00$g0$hP$5Uk
=EST  \\$a1
=FFP  \\$aY$bBLDSS-3PM
=FIN  \\$aY
=FMT  \\$a  SE
=LAS  \\$a10983$b40$c20230815$lBLL01$h1828
=LEO  \\$aMP10.0000630887
=LEO  \\$aMP22.0000062222
=MNI  \\$a1369-7412
=SRC  \\$aISN01$bbibmp22.200404.2.aa
=SRC  \\$aDSS01$bbibmp10.200404.2.aa
=TCO  \\$aCLA$bCLA$c008
=TOC  \\$aETOC
=UNO  \\$aY

