=LDR  06536cas a2201369 a 4500
=001  012433632
=003  Uk
=005  20230508112330.0
=006  m\\\\\o\\d\\\\\\\\
=007  cr\cnu||||||||
=008  020627c19419999enkqr\pso\\\\\0\\\a0eng\c
=010  \\$a2002214342$z2002227021
=015  \\$aGBB349390$2bnb
=019  c\$a102092999
=022  0\$a1540-6245$l0021-8529$y0021-8529$202
=035  \\$a(OCoLC)50075052$z(OCoLC)45060090$z(OCoLC)47639332$z(OCoLC)49976463$z(OCoLC)50436813
=037  \\$aISSN_00218529$bPortico$nWiley
=037  3\$aISSN_00218529_4$bPortico$nOxford University Press
=040  \\$aNSD$beng$cNSD$dOCLCQ$dEYM$dOCL$dOCLCQ$dUk
=042  \\$aukblsr$aissnuk
=050  14$aN1
=082  04$a701.17$223
=130  0\$aJournal of aesthetics and art criticism (Online)
=210  0\$aJ. aesthet. art crit.$b(Online)
=222  \4$aThe journal of aesthetics and art criticism$b(Online)
=245  14$aThe journal of aesthetics and art criticism$h[electronic resource].
=246  3\$aJournal of aesthetics & art criticism
=260  \\$a[Malden, Mass.] :$bPublished by Blackwell Publishers for the American Society for Aesthetics
=264  21$aMalden :$bJohn Wiley & Sons Inc
=264  31$32021-$a[Oxford, England] :$b[Oxford University Press on behalf of the American Society for Aesthetics]
=310  \\$aQuarterly
=336  \\$atext$2rdacontent
=337  \\$acomputer$2rdamedia
=338  \\$aonline resource$2rdacarrier
=362  1\$aPrint began in 1941.
=530  \\$aAlso issued in print.
=538  \\$aMode of access: World Wide Web.
=540  \\$aCurrent Copyright Fee: GBP42.00$c29\0$5Uk
=588  \\$aDescription based on: Vol. 59, issue 1 (winter 2001); title from journal home page (viewed June 27, 2002).
=588  \\$aLatest issue consulted: volume 79, number 1 (winter 2021) (Oxford Academic, viewed March 2, 2021).
=595  \\$aSEE ALSO SERIAL RECORDS ULASP LULS 1 SCE AND RIA.
=650  \0$aAesthetics$vPeriodicals.
=650  \0$aArt criticism$vPeriodicals.
=710  2\$aAmerican Society for Aesthetics.
=776  1\$tJournal of aesthetics and art criticism$x0021-8529
=852  41$aBritish Library$bHMNTS$jELD Digital store$3Volume 71:Issue 1(2013)-
=852  41$aBritish Library$bDSC$j4919.985000$3Volume 59:Issue 1(2001)-Volume 76:Issue 1(2018)***See ESTAR for full holdings.
=856  \\$31850-9999$uhttp://onlinelibrary.wiley.com/$xBLDSS
=856  4\$uhttp://firstsearch.oclc.org$zAddress for accessing the journal using authorization number and password through OCLC FirstSearch Electronic Collections Online
=856  4\$uhttp://firstsearch.oclc.org/journal=0021-8529;screen=info;ECOIP$zAddress for accessing the journal from an authorized IP address through OCLC FirstSearch Electronic Collections Online
=856  40$uhttp://juno.ingentaselect.com/vl=2334444/cl=15/nw=1/rpsv/catchword/bpl/00218529/contp1-1.htm
=856  40$uhttp://onlinelibrary.wiley.com/journal/10.1111/(ISSN)1540-6245
=856  40$uhttp://www.blackwellpub.com/asp/journal.asp?ref=0021-8529
=856  40$uhttp://www.ingenta.com/journals/browse/bpl/jaac
=856  40$uhttp://www.jstor.org/journals/00218529.html
=856  40$uhttps://academic.oup.com/jaac
=859  \\$aXLD$bejournal$cSFX
=859  \\$aELD$bejournal
=945  \\$aJOURNAL OF AESTHETICS AND ART CRITICISM.
=959  \\$fCurrently available
=963  \\$aVOL. 1, 1941- *A=1$bY$cP400.B.34
=979  \\$aBritish Library$bDSC$j4919.985000
=985  \\$aCorrected by BSS-generated file for WR# 08/157
=985  \\$aISSN responsibility transferred from US to UK (Richard, 02/03/21)
=A02  \\$a102092999
=ACF  \\$aPrevious copyright fee: GBP16.00$c10\0$e01-jan-2006$fGBP16.00$g0$hP$5Uk
=ACF  \\$aPrevious copyright fee: GBP15.00$c10\0$e01-apr-2004$fGBP15.00$g0$hP$5Uk
=ACF  \\$aCurrent copyright fee: GBP13.00$c10\0$e01-apr-2003$fGBP13.00$g0$hP$5Uk
=ACF  \\$aCurrent copyright fee: GBP13.00$c10\6$e01-apr-2002$fGBP13.00$g0$hP$5Uk
=ACF  \\$aPrevious copyright fee: GBP17.00$c10\0$e01-jan-2009$fGBP17.00$g0$hP$5Uk
=ACF  \\$aPrevious copyright fee: GBP22.00$c10\0$e01-jan-2011$fGBP22.00$g0$hP$5Uk
=ACF  \\$aPrevious copyright fee: GBP24.00$c10\0$e01-mar-2015$fGBP24.00$g0$hP$5Uk
=ACF  \\$aPrevious copyright fee: GBP24.00$c35\0$e07-mar-2017$fGBP24.00$g0$hP$5Uk
=ACF  \\$aPrevious Copyright Fee: GBP32.00$c35\0$e01-jan-2020$fGBP32.00$g0$hP$5Uk
=ACF  \\$aPrevious copyright fee: GBP28.00$c35\0$e01-jan-2019$fGBP28.00$g0$hP$5Uk
=ACF  \\$aPrevious Copyright Fee: GBP29.00$c29\0$e15-feb-2021$fGBP29.00$g0$hP$5Uk
=CAT  \\$aCONV$b00$c20040425$lBLL90$h0713
=CAT  \\$aW1703-0316$c20170307$lBLL01$h1647
=CAT  \\$aIPL-CLA$c20170307$lBLL01$h1823
=CAT  \\$aW1711-1005$c20171206$lBLL01$h1815
=CAT  \\$aBATCH-UPD$b00$c20180219$lBLL01$h1745
=CAT  \\$aW1805-0471$c20180520$lBLL01$h1138
=CAT  \\$aBATCH-UPD$b00$c20181121$lBLL01$h1620
=CAT  \\$aIPL-CLA$c20181231$lBLL01$h1540
=CAT  \\$aR1911-0245$c20191127$lBLL01$h0822
=CAT  \\$aR1911-0245$c20191127$lBLL01$h1045
=CAT  \\$aIPL-CLA$c20191231$lBLL01$h1922
=CAT  \\$a5552$b40$c20210215$lBLL01$h1424
=CAT  \\$a10806$b40$c20210302$lBLL01$h1133
=CAT  \\$a10806$b40$c20210310$lBLL01$h0817
=CAT  \\$a10806$b40$c20210310$lBLL01$h0918
=CAT  \\$a10983$b40$c20210821$lBLL01$h1221
=CAT  \\$a10983$b40$c20210901$lBLL01$h1516
=CAT  \\$aBATCH-UPD$b40$c20220308$lBLL01$h1727
=CAT  \\$aIPL-CLA$c20220331$lBLL01$h1951
=CAT  \\$a12654$b40$c20230221$lBLL01$h1351
=CAT  \\$aS2302-1302$c20230322$lBLL01$h1708
=CAT  \\$aS2302-1302$c20230323$lBLL01$h1443
=CAT  \\$aIPL-CLA$c20230331$lBLL01$h1546
=CAT  \\$aS2304-0519$c20230412$lBLL01$h1139
=CAT  \\$aBATCH-SUPP$c20230426$lBLL01$h1108
=CAT  \\$a5410$b40$c20230508$lBLL01$h1123
=CFI  0\$aCurrent Copyright Fee: GBP42.00$c29\0$e01-apr-2023$fGBP42.00$g0$hP$5Uk
=CFI  2\$aPrevious copyright fee: GBP32.00$c29\0$e01-apr-2022$fGBP32.00$g0$hP$5Uk
=EST  \\$a1
=FFP  \\$aY$bBLDSS-3PM
=FIN  \\$aY
=FMT  \\$a  SE
=LAS  \\$a5410$b40$c20230508$lBLL01$h1123
=LEO  \\$aMP10.0000630902
=LKR  \\$aPAR$b010487745$lBLL01$r776$mThe journal of aesthetics and art criticism (Online)$nThe Journal of aesthetics and art criticism (Print)
=MNI  \\$a0021-8529
=SID  \\$aZ39$bOCLC
=SRC  \\$aDSS01$bbibmp10.200404.2.aa
=TCO  \\$aTRS$bCCC$c008
=TOC  \\$aETOC
=UNO  \\$aY

