=LDR  05476cas a2201237 i 4500
=001  012433656
=003  Uk
=005  20230426110818.0
=006  m\\\\\|\\d\|\\\\\\
=007  cr||||||||||||
=008  040410c19759999enkmr\p\s\\\\\0\\\a0eng\\
=015  \\$aGBB411455$2bnb
=019  c\$a102093134
=022  0\$a1460-2091$202
=037  \\$ajac$bOxford University Press
=037  3\$aISSN_03057453$bPortico$nOxford University Press
=040  \\$aUk$beng$cUk$erda
=042  \\$aukblsr$aissnuk
=082  04$a615.58$223
=210  0\$aJ. antimicrob. chemother.$b(Online)
=222  \0$aJournal of antimicrobial chemotherapy$b(Online)
=245  00$aJournal of antimicrobial chemotherapy.
=246  13$aJAC
=264  \1$aLondon :$bAcademic Press for the British Society for Antimicrobial Chemotherapy,$c1975-
=264  21$31994-1996$aLondon :$bW.B. Saunders
=264  31$31997-$aOxford :$bOxford University Press
=310  \\$aQuarterly
=336  \\$atext$2rdacontent
=337  \\$acomputer$2rdamedia
=338  \\$aonline resource$2rdacarrier
=362  0\$aPrint began in 1975.
=540  \\$aCurrent Copyright Fee: GBP32.00$c29\0$5Uk
=588  \\$aDescription based on print version record.
=588  \\$aLatest issue consulted: volume 69, number 2 (February 2014) (Oxford Journals, viewed January 29, 2014).
=650  \0$aAnti-infective agents$vPeriodicals.
=650  \0$aChemotherapy$vPeriodicals.
=710  2\$aBritish Society for Antimicrobial Chemotherapy,$eissuing body.
=776  08$iAlso issued in print as:$tJournal of antimicrobial chemotherapy$x0305-7453
=787  0\$tJAC-antimicrobial resistance$x2632-1823
=852  41$aBritish Library$bHMNTS$jELD Digital store$3Volume 68:Number 11(2013:Nov.)-***Previous issues available in print copy
=852  41$aBritish Library$bDSC$j4939.100000$3jan-2000 VOL 45 PART 1-Volume 77:Issue 4(2022)***See ESTAR for full holdings.
=856  \\$31850-9999$uhttp://ukcatalogue.oup.com/$xBLDSS
=856  40$uhttp://jac.oxfordjournals.org
=859  \\$aXLD$bejournal$cSFX
=859  \\$aELD$bejournal
=945  \\$aJournal of antimicrobial chemotherapy
=959  \\$fCurrently available
=963  \\$aCA/M-7 1975- *A=1$bY
=979  \\$aBritish Library$bDSC$j4939.100000
=985  \\$aCONFERENCE ANALYTIC &RECORDS EXIST
=A02  \\$a102093134
=ACF  \\$aPrevious copyright fee: GBP15.00$c29\0$e01-jan-2004$fGBP15.00$g0$hP$5Uk
=ACF  \\$aCurrent copyright fee: GBP10.00$c29\0$e01-apr-2002$fGBP10.00$g0$hP$5Uk
=ACF  \\$aCurrent copyright fee: GBP13.00 British Library not licensed to FAX$c0$e01-jul-2001$fGBP13.00$g0$hC$iFAX is CLA-excluded$5Uk
=ACF  \\$aPrevious copyright fee: GBP16.00$c29\0$e01-jan-2006$fGBP16.00$g0$hP$5Uk
=ACF  \\$aPrevious copyright fee: GBP18.00$c29\0$e01-jan-2008$fGBP18.00$g0$hP$5Uk
=ACF  \\$aPrevious copyright fee: GBP20.00$c29\0$e01-jan-2013$fGBP20.00$g0$hP$5Uk
=ACF  \\$aPrevious copyright fee: GBP23.00$c29\0$e01-jan-2015$fGBP23.00$g0$hP$5Uk
=ACF  \\$aPrevious copyright fee: GBP24.00$c29\0$e01-jan-2016$fGBP24.00$g0$hP$5Uk
=ACF  \\$aPrevious copyright fee: GBP26.00$c29\0$e01-jan-2017$fGBP26.00$g0$hP$5Uk
=ACF  \\$aPrevious copyright fee: GBP27.00$c29\0$e01-jan-2018$fGBP27.00$g0$hP$5Uk
=ACF  \\$aPrevious copyright fee: GBP28.00$c29\0$e01-jan-2019$fGBP28.00$g0$hP$5Uk
=ACF  \\$aPrevious Copyright Fee: GBP20.00$c29\0$e01-jan-2020$fGBP20.00$g0$hP$5Uk
=CAT  \\$aCONV$b00$c20040425$lBLL90$h0713
=CAT  \\$aIPL-CLA$c20141231$lBLL01$h1650
=CAT  \\$aBATCH-UPD$b00$c20151119$lBLL01$h1551
=CAT  \\$aIPL-CLA$c20151231$lBLL01$h1918
=CAT  \\$aBATCH-UPD$b00$c20160524$lBLL01$h2209
=CAT  \\$aBATCH-UPD$b00$c20160525$lBLL01$h0014
=CAT  \\$aBATCH-UPD$b00$c20161122$lBLL01$h1520
=CAT  \\$aIPL-CLA$c20161230$lBLL01$h2114
=CAT  \\$aBATCH-UPD$b00$c20171121$lBLL01$h1703
=CAT  \\$aW1711-1005$c20171206$lBLL01$h1815
=CAT  \\$aIPL-CLA$c20171231$lBLL01$h1623
=CAT  \\$aBATCH-UPD$b00$c20181217$lBLL01$h1651
=CAT  \\$aIPL-CLA$c20181231$lBLL01$h1540
=CAT  \\$a11205$b40$c20190702$lBLL01$h1204
=CAT  \\$aW1910-0530$c20191007$lBLL01$h1114
=CAT  \\$aR1911-1518$c20191206$lBLL01$h1419
=CAT  \\$aIPL-CLA$c20191231$lBLL01$h1922
=CAT  \\$aBATCH-UPD$b00$c20220308$lBLL01$h1734
=CAT  \\$aIPL-CLA$c20220331$lBLL01$h1951
=CAT  \\$a12654$b40$c20221129$lBLL01$h1401
=CAT  \\$a12654$b40$c20221205$lBLL01$h0808
=CAT  \\$aS2302-1302$c20230322$lBLL01$h1708
=CAT  \\$aS2302-1302$c20230323$lBLL01$h1443
=CAT  \\$aIPL-CLA$c20230331$lBLL01$h1546
=CAT  \\$aS2304-0519$c20230412$lBLL01$h1139
=CAT  \\$aBATCH-SUPP$c20230426$lBLL01$h1108
=CFI  0\$aCurrent Copyright Fee: GBP32.00$c29\0$e01-apr-2023$fGBP32.00$g0$hP$5Uk
=CFI  2\$aPrevious copyright fee: GBP22.00$c29\0$e01-apr-2022$fGBP22.00$g0$hP$5Uk
=EST  \\$a1
=FFP  \\$aY$bBLDSS-3PM
=FIN  \\$aY
=FMT  \\$a  SE
=LAS  \\$aBATCH-SUPP$b00$c20230426$lBLL01$h1108
=LEO  \\$aMP10.0000630926
=LEO  \\$aMP22.0000056183
=LET  \0$aJournal of antimicrobial chemotherapy (Online)
=LKR  \\$aPAR$b007008126$lBLL01$nJournal of antimicrobial chemotherapy (Print)$mJournal of antimicrobial chemotherapy (Online)$r776
=MNI  \\$a0305-7453
=SRC  \\$aDSS01$bbibmp10.200404.2.aa
=SRC  \\$aISN01$bbibmp22.200404.2.aa
=TCO  \\$aCLA$bCLA$c008
=TOC  \\$aETOC
=UNO  \\$aY

