=LDR  05565cas a2201249 a 4500
=001  012433666
=003  Uk
=005  20230707154237.0
=006  m\\\\\o\\d\\\\\\\\
=007  cr\mnu||||||||
=008  000508c19979999enkmr\p\o\\\\\0\\\a0eng\\
=015  \\$aGBB350477$2bnb
=019  c\$a102542732
=022  0\$a1365-2672$l1364-5072$y1364-5072$202
=037  \\$aISSN_13645072$bPortico$nWiley
=037  3\$aISSN_13645072_4$bPortico$nOxford University Press
=040  \\$aUk$cUk$dUk
=042  \\$aukblsr$aissnuk
=082  04$a660.62$221
=130  0\$aJournal of applied microbiology (Online)
=210  0\$aJ. appl. microbiol.$b(Online)
=222  \0$aJournal of applied microbiology$b(Online)
=245  10$aJournal of applied microbiology$h[electronic resource].
=246  30$aApplied microbiology
=260  \\$aOxford :$bBlackwell Science
=264  21$a[Oxford?] :$bWiley
=264  31$32023-$a[Oxford] :$bOxford University Press
=310  \\$aMonthly
=336  \\$atext$2rdacontent
=337  \\$acomputer$2rdamedia
=338  \\$aonline resource$2rdacarrier
=362  1\$aPrint began with v. 82, no. 1 (Jan. 1997).
=525  \\$aHas supplements.
=540  \\$aCurrent Copyright Fee: GBP40.00$c29\0$5Uk
=550  \\$aPublished for the Society for Applied Bacteriology, 1997- ; by the Society for Applied Microbiology, <2010->
=588  \\$aLatest issue consulted: volume 134, issue 6 (June 2023) (Oxford Academic, viewed June 14, 2023).
=595  \\$aFORMERLY 4940.00 UP TO VOL. 81, 1996.
=650  \0$aMicrobiology$vPeriodicals.
=710  2\$aSociety for Applied Bacteriology.
=710  2\$aSociety for Applied Microbiology.
=710  2\$aApplied Microbiology International (Society),$eissuing body.
=776  08$iPrint version -2022:$tJournal of applied microbiology$x1364-5072
=780  00$tJournal of applied bacteriology (Online)$x2056-5232
=852  41$aBritish Library$bDSC$j4943.070000$3Volume 18:Issue 1(1955)-Volume 117:Issue 5(2014)***See ESTAR for full holdings.
=852  41$aBritish Library$bHMNTS$jELD Digital store$3Volume 114:Issue 1(2013)-***Previous issues available in print copy
=856  \\$31850-9999$uhttp://onlinelibrary.wiley.com/$xBLDSS
=856  40$uhttp://onlinelibrary.wiley.com/journal/10.1111/(ISSN)1365-2672
=856  40$uhttps://academic.oup.com/jambio
=859  \\$aELD$bejournal
=859  \\$aXLD$bejournal$cSFX
=945  \\$aJOURNAL OF APPLIED MICROBIOLOGY.
=959  \\$fCurrently available
=963  \\$aCA/U-2 VOL. 82, 1997- *A=1$bN
=979  \\$aBritish Library$bDSC$j4943.070000
=985  \\$aRecord merged by DQ team
=985  \\$aISSN responsibility transferred to U.S. ISSN Center from ISSN UK Centre, Wiley, Multinational Publisher List, Summer 2017.
=985  \\$aISSN UK Centre: record coded for UK responsibility following transfer to OUP 2023. Portal record was showing UK despite transfer in 2017 to US Center. Will ask US Center to close print record (14/6/23 DLW).
=A02  \\$a102542732
=ACF  \\$aCurrent copyright fee: GBP13.00$c10\0$e01-apr-2003$fGBP13.00$g0$hP$5Uk
=ACF  \\$aCurrent copyright fee: GBP13.00$c10\4$e01-jan-2002$fGBP13.00$g0$hP$5Uk
=ACF  \\$aPrevious copyright fee: GBP15.00$c10\0$e01-apr-2004$fGBP15.00$g0$hP$5Uk
=ACF  \\$aPrevious copyright fee: GBP22.00$c10\0$e01-jan-2006$fGBP22.00$g0$hP$5Uk
=ACF  \\$aPrevious copyright fee: GBP24.00$c10\0$e01-mar-2015$fGBP24.00$g0$hP$5Uk
=ACF  \\$aPrevious copyright fee: GBP24.00$c35\0$e07-mar-2017$fGBP24.00$g0$hP$5Uk
=CAT  \\$aCONV$b00$c20040425$lBLL90$h0713
=CAT  \\$aBATCH-UPD$b40$c20160526$lBLL01$h2221
=CAT  \\$aW1703-0316$c20170306$lBLL01$h1823
=CAT  \\$aW1703-0316$c20170307$lBLL01$h1647
=CAT  \\$aIPL-CLA$c20170307$lBLL01$h1823
=CAT  \\$aISSN$b40$c20170314$lBLL01$h1454
=CAT  \\$aW1711-1005$c20171206$lBLL01$h1815
=CAT  \\$a10806$b40$c20171215$lBLL01$h1435
=CAT  \\$aBATCH-UPD$b40$c20180219$lBLL01$h1745
=CAT  \\$aBATCH-UPD$b40$c20181121$lBLL01$h1620
=CAT  \\$aIPL-CLA$c20181231$lBLL01$h1540
=CAT  \\$aR1911-0245$c20191127$lBLL01$h0944
=CAT  \\$aR1911-0245$c20191127$lBLL01$h1045
=CAT  \\$aIPL-CLA$c20191231$lBLL01$h1922
=CAT  \\$a15190$b40$c20230119$lBLL01$h1126
=CAT  \\$a15190$b40$c20230119$lBLL01$h1147
=CAT  \\$a14586$b40$c20230125$lBLL01$h1634
=CAT  \\$a10973$b40$c20230614$lBLL01$h1314
=CAT  \\$a10973$b40$c20230614$lBLL01$h1318
=CAT  \\$a10973$b40$c20230614$lBLL01$h1327
=CAT  \\$a10973$b40$c20230615$lBLL01$h1032
=CAT  \\$a10973$b40$c20230619$lBLL01$h1426
=CAT  \\$a11313$b40$c20230627$lBLL01$h1035
=CAT  \\$a12654$b40$c20230706$lBLL01$h0935
=CAT  \\$a8871$b40$c20230707$lBLL01$h0930
=CAT  \\$a8055$b40$c20230707$lBLL01$h1542
=CFI  0\$aCurrent Copyright Fee: GBP40.00$c29\0$e07-jul-2023$fGBP40.00$g0$hP$5Uk
=CFI  2\$aPrevious Copyright Fee: GBP39.00$c35\0$e01-jan-2020$fGBP39.00$g0$hP$5Uk
=CFI  2\$aPrevious copyright fee: GBP28.00$c35\0$e01-jan-2019$fGBP28.00$g0$hP$5Uk
=EST  \\$a1
=FFP  \\$aY$bBLDSS-3PM
=FIN  \\$aY
=FMT  \\$a  SE
=LAS  \\$a8055$b40$c20230707$lBLL01$h1542
=LEO  \\$aMP22.0000051958
=LEO  \\$aMP10.0000630936
=LKR  \\$aPAR$b009732609$lBLL01$r776$mJournal of applied microbiology (Online)$nJournal of applied microbiology (Print)
=MNI  \\$a1364-5072
=SRC  \\$aISN01$bbibmp22.200404.2.aa
=SRC  \\$aDSS01$bbibmp10.200404.2.aa
=TCO  \\$aCLA$bCLA$c008
=TOC  \\$aETOC
=UNO  \\$aY

