=LDR  06468cas a2201429 a 4500
=001  012433749
=003  Uk
=005  20230426110818.0
=006  m\\\\\\\\d\\\\\\\\
=007  cr\mnu||||||||
=008  011112c19519999ncubr\pss\\\\\0\\\a0eng\c
=010  \\$a2009233318
=015  \\$aGBB350554$2bnb
=019  c\$a102093501
=022  0\$a1460-2466$l0021-9916$202
=035  \\$a(OCoLC)48406990$z(OCoLC)43555607$z(OCoLC)47064394$z(OCoLC)47946124
=037  \\$aISSN_00219916$bPortico$nWiley
=037  2\$ajjnlcom$bOxford University Press
=037  3\$aISSN_00219916_4$bPortico$nOxford University Press
=040  \\$aF#A$beng$cF#A$dOCLCQ$dUV$dN@F$dOCLCQ$dSYB$dGUA$dZAD$dUk
=042  \\$aukblsr$aissnuk
=050  14$aP87
=082  04$a302.2$222
=130  0\$aJournal of communication (Online)
=210  0\$aJ. commun.$b(Online)
=222  \0$aJournal of communication$b(Online)
=245  10$aJournal of communication$h[electronic resource].
=260  \\$aOxford :$bOxford University Press,$c[1951]-
=260  2\$a[S.l.] :$bWiley-Blackwell
=264  31$aCary, NC :$bOxford University Press
=310  \\$aBimonthly,$b2011-
=321  \\$aQuarterly,$b<-2010
=336  \\$atext$2rdacontent
=337  \\$acomputer$2rdamedia
=338  \\$aonline resource$2rdacarrier
=362  1\$aPrint began in 1951.
=500  \\$aDescription based on: Vol. 46, no. 1 (Mar. 1996); title from contents screen (Wiley, viewed Nov. 30, 2009).
=538  \\$aMode of access: World Wide Web.
=540  \\$aCurrent Copyright Fee: GBP32.00$c29\0$5Uk
=550  \\$aIssued by: National Society for the Study of Communication, 1951-[ca. 1970]; International Communication Association, [ca. 1971]-.
=588  \\$aLatest issue consulted: volume 68, number 1 (February 2018); Oxford Academic, viewed April 10, 2018.
=595  \\$aDO NOT CONFUSE WITH 4961.66 SEE ALSO SERIAL RECORDS ULASP AND SCE.
=650  \0$aCommunication$vPeriodicals.
=650  \0$aCommunication and traffic$vPeriodicals.
=650  \0$aInformation theory$vPeriodicals.
=650  \0$aMass media$vPeriodicals.
=710  2\$aNational Society for the Study of Communication.
=710  2\$aInternational Communication Association.
=776  08$iAlso issued in print as:$tJournal of communication$x0021-9916
=852  41$aBritish Library$bHMNTS$jELD Digital store$3Volume 63:Number 1(2013:Feb.)-***Previous issues available in print copy
=852  41$aBritish Library$bDSC$j4961.500000$3Volume 27:Issue 2(1977)-Volume 72:Issue 2(2022)***See ESTAR for full holdings.
=856  \\$31850-9999$uhttp://onlinelibrary.wiley.com/$xBLDSS
=856  40$uhttp://www3.interscience.wiley.com/journal/118502213/home
=856  40$uhttp://onlinelibrary.wiley.com/journal/10.1111/(ISSN)1460-2466
=856  40$uhttps://academic.oup.com/joc
=859  \\$aELD$bejournal
=859  \\$aXLD$bejournal$cSFX
=945  \\$aJOURNAL OF COMMUNICATION.
=959  \\$fCurrently available
=963  \\$aVOL. 25, 1975- *A=1$bN$cP700:8.B.16
=979  \\$aBritish Library$bDSC$j4961.500000
=985  \\$aCorrected by BSS-generated file for WR# 08/157
=985  \\$aISSN responsibility transferred to U.S. ISSN Center from ISSN UK Centre, Wiley, Multinational Publisher List, Summer 2017.
=985  \\$aISSN transferred back to UK (01/05/18)
=985  \\$aTransfer being requested again (Richard, 28/12/18)
=A02  \\$a102093501
=ACF  \\$aPrevious copyright fee: GBP16.00$c10\0$e01-jan-2006$fGBP16.00$g0$hP$5Uk
=ACF  \\$aBritish Library not licensed to copy$c0$e01-oct-2004$hC$iCLA Excluded$5Uk
=ACF  \\$aPrevious copyright fee: GBP15.00$c29\0$e01-jan-2004$fGBP15.00$g0$hP$5Uk
=ACF  \\$aCurrent copyright fee: GBP10.00$c29\0$e01-apr-2002$fGBP10.00$g0$hP$5Uk
=ACF  \\$aCurrent copyright fee: GBP10.00$c0$e01-jul-2001$fGBP10.00$g0$hC$5Uk
=ACF  \\$aPrevious copyright fee: GBP17.00$c10\0$e01-jan-2009$fGBP17.00$g0$hP$5Uk
=ACF  \\$aPrevious copyright fee: GBP22.00$c10\0$e01-jan-2011$fGBP22.00$g0$hP$5Uk
=ACF  \\$aPrevious copyright fee: GBP24.00$c35\0$e07-mar-2017$fGBP24.00$g0$hP$5Uk
=ACF  \\$aPrevious copyright fee: GBP24.00$c10\0$e01-mar-2015$fGBP24.00$g0$hP$5Uk
=ACF  \\$aPrevious copyright fee: GBP27.00$c29\0$e08-jan-2018$fGBP27.00$g0$hP$5Uk
=ACF  \\$aPrevious copyright fee: GBP28.00$c29\0$e01-jan-2019$fGBP28.00$g0$hP$5Uk
=ACF  \\$aPrevious Copyright Fee: GBP20.00$c29\0$e01-jan-2020$fGBP20.00$g0$hP$5Uk
=CAT  \\$aCONV$b00$c20040425$lBLL90$h0713
=CAT  \\$aIPL-CLA$c20170307$lBLL01$h1823
=CAT  \\$a11205$b40$c20170718$lBLL01$h1446
=CAT  \\$aW1711-1005$c20171206$lBLL01$h1815
=CAT  \\$a5552$b40$c20180108$lBLL01$h1205
=CAT  \\$aBATCH-UPD$b40$c20180110$lBLL01$h0100
=CAT  \\$a10806$b40$c20180410$lBLL01$h1110
=CAT  \\$a10806$b40$c20180410$lBLL01$h1111
=CAT  \\$a10806$b40$c20180501$lBLL01$h1040
=CAT  \\$a10983$b40$c20180721$lBLL01$h0901
=CAT  \\$a10806$b40$c20180730$lBLL01$h1130
=CAT  \\$aBATCH-UPD$b40$c20181217$lBLL01$h1651
=CAT  \\$a10806$b40$c20181228$lBLL01$h0940
=CAT  \\$aIPL-CLA$c20181231$lBLL01$h1540
=CAT  \\$a10806$b40$c20190102$lBLL01$h0937
=CAT  \\$a15005$b40$c20191012$lBLL01$h0956
=CAT  \\$aR1911-1518$c20191206$lBLL01$h1419
=CAT  \\$aIPL-CLA$c20191231$lBLL01$h1922
=CAT  \\$aBATCH-UPD$b00$c20220308$lBLL01$h1734
=CAT  \\$aIPL-CLA$c20220331$lBLL01$h1951
=CAT  \\$a8055$b40$c20221116$lBLL01$h1444
=CAT  \\$aS2302-1302$c20230322$lBLL01$h1708
=CAT  \\$aS2302-1302$c20230323$lBLL01$h1443
=CAT  \\$aIPL-CLA$c20230331$lBLL01$h1546
=CAT  \\$aS2304-0519$c20230412$lBLL01$h1139
=CAT  \\$aBATCH-SUPP$c20230426$lBLL01$h1108
=CFI  0\$aCurrent Copyright Fee: GBP32.00$c29\0$e01-apr-2023$fGBP32.00$g0$hP$5Uk
=CFI  2\$aPrevious copyright fee: GBP22.00$c29\0$e01-apr-2022$fGBP22.00$g0$hP$5Uk
=EST  \\$a1
=FFP  \\$aY$bBLDSS-3PM
=FIN  \\$aY
=FMT  \\$a  SE
=LAS  \\$aBATCH-SUPP$b00$c20230426$lBLL01$h1108
=LEO  \\$aMP10.0000631019
=LEO  \\$aMP22.0000056216
=LET  \0$aJournal of communication (Electronic)
=LKR  \\$aPAR$b010488755$lBLL01$r776$mJournal of communication (Online)$nJournal of communication (Print)
=MNI  \\$a0021-9916
=SID  \\$aZ39$bOCLC
=SRC  \\$aDSS01$bbibmp10.200404.2.aa
=SRC  \\$aISN01$bbibmp22.200404.2.aa
=TCO  \\$aCLA$bCLA$c008
=TOC  \\$aETOC
=UNO  \\$aY

