=LDR  05572cas a2201261 i 4500
=001  012433767
=003  Uk
=005  20230426110818.0
=006  m\\\\\|\\d\|\\\\\\
=007  cr||||||||||||
=008  040410c20009999enktr\p\s\\\\\0\\\a0eng\\
=015  \\$aGBB409542$2bnb
=019  c\$a102595603
=022  0\$a1467-7962$202
=037  \\$ajconsl$bOxford University Press
=037  3\$aISSN_14677954$bPortico$nOxford University Press
=040  \\$aUk$beng$cUk$erda
=042  \\$aissnuk$aukblsr
=082  04$a341.605$223
=210  0\$aJ. confl. secur. law$b(Online)
=222  \0$aJournal of conflict and security law$b(Online)
=245  00$aJournal of conflict and security law.
=246  13$aJCSL
=260  \\$aOxford :$bOxford University Press
=310  \\$aThree issues yearly,$b2004-
=321  \\$aSemi-annual,$b-2003
=336  \\$atext$2rdacontent
=337  \\$acomputer$2rdamedia
=338  \\$aonline resource$2rdacarrier
=362  0\$aPrint began with volume 5, number 1 (June 2000).
=540  \\$aCurrent Copyright Fee: GBP42.00$c29\0$5Uk
=580  \\$aIncludes issues of earlier title : Journal of armed conflict law.
=588  \\$aDescription based on print version record.
=588  \\$aLatest issue consulted: volume 18, number 3 (winter 2013) (Oxford Journals, viewed January 27, 2014).
=595  \\$aFORMERLY 4947.20705 CHANGE BETWEEN VOL. 3, 1998 AND 5, 2000 SEE ALSO 4947.20705 FOR CUL HOLDINGS.
=650  \0$aWar (International law)$vPeriodicals.
=650  \0$aSecurity, International$vPeriodicals.
=650  \0$aInternational law$vPeriodicals.
=776  08$iAlso issued in print as:$tJournal of conflict and security law (Print)$x1467-7954
=780  00$tJournal of armed conflict law$x2516-9203
=852  41$aBritish Library$bHMNTS$jELD Digital store$3Volume 19:Number 1(2014:Spring)-
=852  41$aBritish Library$bDSC$j4965.125000$3jun-2000 VOL 5 PART 1-Volume 16:Issue 3(2011)***See ESTAR for full holdings.
=856  \\$31850-9999$uhttp://ukcatalogue.oup.com/$xBLDSS
=856  40$uhttp://jcsl.oxfordjournals.org/
=859  \\$aELD$bejournal
=859  \\$aXLD$bejournal$cSFX
=945  \\$aJOURNAL OF CONFLICT AND SECURITY LAW.
=959  \\$fCurrently available
=979  \\$aBritish Library$bDSC$j4965.125000
=985  \\$aCorrected by BSS-generated file for WR# 08/157
=985  \\$aCorrected by MS generated file for WR# 12.018
=985  \\$aCONFERENCE ANALYTIC &RECORDS EXIST
=A02  \\$a102595603
=ACF  \\$aPrevious copyright fee: GBP15.00$c29\0$e01-jan-2004$fGBP15.00$g0$hP$5Uk
=ACF  \\$aCurrent copyright fee: GBP10.00$c29\0$e01-apr-2002$fGBP10.00$g0$hP$5Uk
=ACF  \\$aCurrent copyright fee: GBP10.00$c0$e01-jul-2001$fGBP10.00$g0$hC$5Uk
=ACF  \\$aPrevious copyright fee: GBP16.00$c29\0$e01-jan-2006$fGBP16.00$g0$hP$5Uk
=ACF  \\$aPrevious copyright fee: GBP18.00$c29\0$e01-jan-2008$fGBP18.00$g0$hP$5Uk
=ACF  \\$aPrevious copyright fee: GBP20.00$c29\0$e01-jan-2013$fGBP20.00$g0$hP$5Uk
=ACF  \\$aPrevious copyright fee: GBP23.00$c29\0$e01-jan-2015$fGBP23.00$g0$hP$5Uk
=ACF  \\$aPrevious copyright fee: GBP24.00$c29\0$e01-jan-2016$fGBP24.00$g0$hP$5Uk
=ACF  \\$aPrevious copyright fee: GBP26.00$c29\0$e01-jan-2017$fGBP26.00$g0$hP$5Uk
=ACF  \\$aPrevious copyright fee: GBP27.00$c29\0$e01-jan-2018$fGBP27.00$g0$hP$5Uk
=ACF  \\$aPrevious copyright fee: GBP28.00$c29\0$e01-jan-2019$fGBP28.00$g0$hP$5Uk
=ACF  \\$aPrevious Copyright Fee: GBP29.00$c29\0$e01-jan-2020$fGBP29.00$g0$hP$5Uk
=CAT  \\$aCONV$b00$c20040425$lBLL90$h0713
=CAT  \\$a10997$b40$c20150127$lBLL01$h1230
=CAT  \\$aBATCH-UPD$b40$c20151119$lBLL01$h1551
=CAT  \\$aIPL-CLA$c20151231$lBLL01$h1918
=CAT  \\$aBATCH-UPD$b00$c20160524$lBLL01$h2209
=CAT  \\$aBATCH-UPD$b00$c20160525$lBLL01$h0014
=CAT  \\$aBATCH-UPD$b00$c20161122$lBLL01$h1520
=CAT  \\$aIPL-CLA$c20161230$lBLL01$h2114
=CAT  \\$aBATCH-UPD$b00$c20171121$lBLL01$h1703
=CAT  \\$aW1711-1005$c20171206$lBLL01$h1815
=CAT  \\$aIPL-CLA$c20171231$lBLL01$h1623
=CAT  \\$a10806$b40$c20180514$lBLL01$h1130
=CAT  \\$a10806$b40$c20180514$lBLL01$h1142
=CAT  \\$aBATCH-UPD$b40$c20181217$lBLL01$h1651
=CAT  \\$aIPL-CLA$c20181231$lBLL01$h1540
=CAT  \\$aW1910-0530$c20191007$lBLL01$h1114
=CAT  \\$aR1911-1518$c20191206$lBLL01$h1405
=CAT  \\$aIPL-CLA$c20191231$lBLL01$h1922
=CAT  \\$aBATCH-UPD$b00$c20220308$lBLL01$h1727
=CAT  \\$aIPL-CLA$c20220331$lBLL01$h1951
=CAT  \\$a12654$b40$c20230222$lBLL01$h0949
=CAT  \\$aS2302-1302$c20230322$lBLL01$h1708
=CAT  \\$aS2302-1302$c20230323$lBLL01$h1443
=CAT  \\$aIPL-CLA$c20230331$lBLL01$h1546
=CAT  \\$aS2304-0519$c20230412$lBLL01$h1139
=CAT  \\$aBATCH-SUPP$c20230426$lBLL01$h1108
=CFI  0\$aCurrent Copyright Fee: GBP42.00$c29\0$e01-apr-2023$fGBP42.00$g0$hP$5Uk
=CFI  2\$aPrevious copyright fee: GBP32.00$c29\0$e01-apr-2022$fGBP32.00$g0$hP$5Uk
=EST  \\$a1
=FFP  \\$aY$bBLDSS-3PM
=FIN  \\$aY
=FMT  \\$a  SE
=LAS  \\$aBATCH-SUPP$b00$c20230426$lBLL01$h1108
=LEO  \\$aMP10.0000631037
=LEO  \\$aMP22.0000062048
=LET  \0$aJournal of conflict and security law (Electronic)
=LKR  \\$aPAR$b011457894$lBLL01$nJournal of conflict and security law (Print)$mJournal of conflict and security law (Online)$r776
=MNI  \\$a1467-7954
=SRC  \\$aDSS01$bbibmp10.200404.2.aa
=SRC  \\$aISN01$bbibmp22.200404.2.aa
=TCO  \\$aCLA$bCLA$c008
=TOC  \\$aETOC
=UNO  \\$aY

