=LDR  05011cas a2201165 i 4500
=001  012433802
=003  Uk
=005  20230426110818.0
=006  m\\\\\|\\d\|\\\\\\
=007  cr||||||||||||
=008  040410c20019999enkqr\p\s\\\\\0\\\a0eng\\
=015  \\$aGBB410016$2bnb
=019  c\$a102601910
=022  0\$a1468-2710$202
=037  \\$ajnlecg$bOxford University Press
=037  3\$aISSN_14682702$bPortico$nOxford University Press
=040  \\$aUk$beng$cUk$erda
=042  \\$aissnuk$aukblsr
=082  04$a330.9$223
=222  \0$aJournal of economic geography$b(Online)
=245  00$aJournal of economic geography.
=264  \1$aOxford :$bOxford University Press
=310  \\$aQuarterly
=336  \\$atext$2rdacontent
=337  \\$acomputer$2rdamedia
=338  \\$aonline resource$2rdacarrier
=362  0\$aPrint began with volume 1, number 1 (January 2001).
=540  \\$aCurrent Copyright Fee: GBP42.00$c29\0$5Uk
=588  \\$aDescription based on print version record.
=588  \\$aLatest issue consulted: volume 14, number 1 (January 2014) (Oxford Journals, viewed January 28, 2014).
=650  \0$aEconomic geography$vPeriodicals.
=690  7\$aManagement and Business Studies$2blcoll
=776  08$iAlso issued in print as:$tJournal of economic geography$x1468-2702
=852  41$aBritish Library$bHMNTS$jELD Digital store$3Volume 14:Number 1(2014)-
=852  41$aBritish Library$bDSC$j4973.010000$3jan-2001 VOL 1 PART 1-Volume 11:Issue 6(2011)***See ESTAR for full holdings.
=856  \\$31850-9999$uhttp://ukcatalogue.oup.com/$xBLDSS
=856  40$uhttp://joeg.oxfordjournals.org/
=859  \\$aELD$bejournal
=859  \\$aXLD$bejournal$cSFX
=945  \\$aJOURNAL OF ECONOMIC GEOGRAPHY.
=959  \\$fCurrently available
=963  \\$aVOL. 1, 2001- *A=1$bN$cU
=979  \\$aBritish Library$bDSC$j4973.010000
=985  \\$aCorrected by MS generated file for WR# 12.018
=A02  \\$a102601910
=ACF  \\$aPrevious copyright fee: GBP15.00$c29\0$e01-jan-2004$fGBP15.00$g0$hP$5Uk
=ACF  \\$aCurrent copyright fee: GBP10.00$c29\0$e01-apr-2002$fGBP10.00$g0$hP$5Uk
=ACF  \\$aCurrent copyright fee: GBP2.50$c0$e15-feb-2001$fGBP2.50$g0$hC$5Uk
=ACF  \\$aPrevious copyright fee: GBP16.00$c29\0$e01-jan-2006$fGBP16.00$g0$hP$5Uk
=ACF  \\$aPrevious copyright fee: GBP18.00$c29\0$e01-jan-2008$fGBP18.00$g0$hP$5Uk
=ACF  \\$aPrevious copyright fee: GBP20.00$c29\0$e01-jan-2013$fGBP20.00$g0$hP$5Uk
=ACF  \\$aPrevious copyright fee: GBP23.00$c29\0$e01-jan-2015$fGBP23.00$g0$hP$5Uk
=ACF  \\$aPrevious copyright fee: GBP24.00$c29\0$e01-jan-2016$fGBP24.00$g0$hP$5Uk
=ACF  \\$aPrevious copyright fee: GBP26.00$c29\0$e01-jan-2017$fGBP26.00$g0$hP$5Uk
=ACF  \\$aPrevious copyright fee: GBP27.00$c29\0$e01-jan-2018$fGBP27.00$g0$hP$5Uk
=ACF  \\$aPrevious copyright fee: GBP28.00$c29\0$e01-jan-2019$fGBP28.00$g0$hP$5Uk
=ACF  \\$aPrevious Copyright Fee: GBP29.00$c29\0$e01-jan-2020$fGBP29.00$g0$hP$5Uk
=CAT  \\$aCONV$b00$c20040425$lBLL90$h0713
=CAT  \\$aBLDSS-3PM$b00$c20141208$lBLL01$h1624
=CAT  \\$aIPL-CLA$c20141231$lBLL01$h1650
=CAT  \\$aBATCH-UPD$b00$c20151119$lBLL01$h1551
=CAT  \\$aIPL-CLA$c20151231$lBLL01$h1918
=CAT  \\$aBATCH-UPD$b00$c20160524$lBLL01$h2209
=CAT  \\$aBATCH-UPD$b00$c20160525$lBLL01$h0014
=CAT  \\$aBATCH-UPD$b00$c20161122$lBLL01$h1520
=CAT  \\$a10806$b40$c20161128$lBLL01$h1350
=CAT  \\$aIPL-CLA$c20161230$lBLL01$h2114
=CAT  \\$aBATCH-UPD$b00$c20171121$lBLL01$h1703
=CAT  \\$aW1711-1005$c20171206$lBLL01$h1815
=CAT  \\$aIPL-CLA$c20171231$lBLL01$h1623
=CAT  \\$aBATCH-UPD$b00$c20181217$lBLL01$h1651
=CAT  \\$aIPL-CLA$c20181231$lBLL01$h1540
=CAT  \\$aW1910-0530$c20191007$lBLL01$h1114
=CAT  \\$aR1911-1518$c20191206$lBLL01$h1405
=CAT  \\$aIPL-CLA$c20191231$lBLL01$h1922
=CAT  \\$aBATCH-UPD$b00$c20220308$lBLL01$h1727
=CAT  \\$aIPL-CLA$c20220331$lBLL01$h1951
=CAT  \\$a12654$b40$c20230222$lBLL01$h1112
=CAT  \\$aS2302-1302$c20230322$lBLL01$h1708
=CAT  \\$aS2302-1302$c20230323$lBLL01$h1443
=CAT  \\$aIPL-CLA$c20230331$lBLL01$h1546
=CAT  \\$aS2304-0519$c20230412$lBLL01$h1139
=CAT  \\$aBATCH-SUPP$c20230426$lBLL01$h1108
=CFI  0\$aCurrent Copyright Fee: GBP42.00$c29\0$e01-apr-2023$fGBP42.00$g0$hP$5Uk
=CFI  2\$aPrevious copyright fee: GBP32.00$c29\0$e01-apr-2022$fGBP32.00$g0$hP$5Uk
=EST  \\$a1
=FFP  \\$aY$bBLDSS-3PM
=FIN  \\$aY
=FMT  \\$a  SE
=LAS  \\$aBATCH-SUPP$b00$c20230426$lBLL01$h1108
=LEO  \\$aMP10.0000631072
=LEO  \\$aMP22.0000062457
=LET  \0$aJournal of economic geography (Electronic)
=LKR  \\$aPAR$b011458151$lBLL01$nJournal of economic geography (Print)$mJournal of economic geography (Online)$r776
=MNI  \\$a1468-2702
=SRC  \\$aDSS01$bbibmp10.200404.2.aa
=SRC  \\$aISN01$bbibmp22.200404.2.aa
=TCO  \\$aCLA$bCLA$c008
=TOC  \\$aETOC
=UNO  \\$aY

