=LDR  05217cas a2201201 a 4500
=001  012433892
=003  Uk
=005  20230426110818.0
=006  m\\\\\\\\d\\\\\\\\
=007  cr||||||||||||
=008  040430c19149999enkbr\p\o\\\\\0\\\a0eng\\
=015  \\$aGBB411433$2bnb
=019  c\$a102094022
=022  0\$a1465-7333$y0022-1503$202
=037  \\$ajhered$bOxford University Press
=037  3\$aISSN_00221503$bPortico$nOxford University Press
=040  \\$aUk$beng$cUk$dUk
=042  \\$aissnuk$aukblsr
=082  04$a576.5$221
=130  0\$aJournal of heredity (Online)
=222  \0$aJournal of heredity$b(Online)
=245  10$aJournal of heredity$h[electronic resource].
=260  \\$aOxford :$bOxford University Press,$c1914-
=310  \\$aBimonthly
=336  \\$atext$2rdacontent
=337  \\$acomputer$2rdamedia
=338  \\$aonline resource$2rdacarrier
=362  0\$aVol. 5, issue 1 (Jan. 2014)-
=500  \\$aTitle from title screen via ESTAR.
=540  \\$aCurrent Copyright Fee: GBP42.00$c29\0$5Uk
=550  \\$a"The official journal of the American Genetic Association."
=580  \\$aIncludes issues of earlier title: American breeders' magazine.
=588  \\$aLatest issue consulted: volume 105, number 1 (January/February 2014) (Oxford journals, viewed January 29, 2014).
=595  \\$aFORMERLY 0810.95 UP TO VOL. 4, 1913 SEE ALSO RMS SEE ALSO SERIAL RECORDS SCRI.
=650  \0$aBreeding$vPeriodicals.
=650  \0$aPlant breeding$vPeriodicals.
=650  \0$aHeredity$vPeriodicals.
=710  2\$aAmerican Genetic Association.
=776  0\$tJournal of heredity$x0022-1503
=780  10$tAmerican breeders' magazine
=852  41$aBritish Library$bHMNTS$jELD Digital store$3Volume 105:Number 1(2014:Jan./Feb.)-***Previous issues available in print copy
=852  41$aBritish Library$bDSC$j4998.000000$3Volume 91:PART 1(2000)-Volume 102:Issue 6(2011)***See ESTAR for full holdings.
=856  \\$31850-9999$uhttp://ukcatalogue.oup.com/$xBLDSS
=856  40$uhttp://jhered.oxfordjournals.org/
=859  \\$aELD$bejournal
=859  \\$aXLD$bejournal$cSFX
=945  \\$aJournal of heredity
=959  \\$fCurrently available
=979  \\$aBritish Library$bDSC$j4998.000000
=985  \\$aCONFERENCE ANALYTIC RECORDS EXIST
=A02  \\$a102094022
=ACF  \\$aPrevious copyright fee: GBP12.00$c29\0$e01-jan-2004$fGBP12.00$g0$hP$5Uk
=ACF  \\$aCurrent copyright fee: GBP8.00$c29\0$e01-apr-2002$fGBP8.00$g0$hP$5Uk
=ACF  \\$aCurrent copyright fee: GBP10.00$c0$e01-jul-2001$fGBP10.00$g0$hC$5Uk
=ACF  \\$aPrevious Copyright Fee: GBP13.00$c29\0$e01-jan-2006$fGBP13.00$g0$hP$5Uk
=ACF  \\$aPrevious copyright fee: GBP14.00$c29\0$e01-jan-2008$fGBP14.00$g0$hP$5Uk
=ACF  \\$aPrevious copyright fee: GBP20.00$c29\0$e01-jan-2013$fGBP20.00$g0$hP$5Uk
=ACF  \\$aPrevious copyright fee: GBP23.00$c29\0$e01-jan-2015$fGBP23.00$g0$hP$5Uk
=ACF  \\$aPrevious copyright fee: GBP24.00$c29\0$e01-jan-2016$fGBP24.00$g0$hP$5Uk
=ACF  \\$aPrevious copyright fee: GBP26.00$c29\0$e01-jan-2017$fGBP26.00$g0$hP$5Uk
=ACF  \\$aPrevious copyright fee: GBP27.00$c29\0$e01-jan-2018$fGBP27.00$g0$hP$5Uk
=ACF  \\$aPrevious copyright fee: GBP28.00$c29\0$e01-jan-2019$fGBP28.00$g0$hP$5Uk
=ACF  \\$aPrevious Copyright Fee: GBP29.00$c29\0$e01-jan-2020$fGBP29.00$g0$hP$5Uk
=CAT  \\$aCONV$b00$c20040425$lBLL90$h0713
=CAT  \\$aBLDSS-3PM$b00$c20141208$lBLL01$h1624
=CAT  \\$aIPL-CLA$c20141231$lBLL01$h1650
=CAT  \\$aBATCH-UPD$b00$c20151119$lBLL01$h1551
=CAT  \\$aIPL-CLA$c20151231$lBLL01$h1918
=CAT  \\$aBATCH-UPD$b00$c20160524$lBLL01$h2209
=CAT  \\$aBATCH-UPD$b00$c20160525$lBLL01$h0014
=CAT  \\$aBATCH-UPD$b00$c20161122$lBLL01$h1520
=CAT  \\$aIPL-CLA$c20161230$lBLL01$h2114
=CAT  \\$aBATCH-UPD$b00$c20171121$lBLL01$h1703
=CAT  \\$aW1711-1005$c20171206$lBLL01$h1815
=CAT  \\$aIPL-CLA$c20171231$lBLL01$h1623
=CAT  \\$aBATCH-UPD$b00$c20181217$lBLL01$h1651
=CAT  \\$aIPL-CLA$c20181231$lBLL01$h1540
=CAT  \\$aW1910-0530$c20191007$lBLL01$h1114
=CAT  \\$aR1911-1518$c20191206$lBLL01$h1406
=CAT  \\$aIPL-CLA$c20191231$lBLL01$h1922
=CAT  \\$aBATCH-UPD$b00$c20220308$lBLL01$h1727
=CAT  \\$aIPL-CLA$c20220331$lBLL01$h1951
=CAT  \\$a12654$b40$c20230222$lBLL01$h1215
=CAT  \\$a12654$b40$c20230222$lBLL01$h1216
=CAT  \\$aS2302-1302$c20230322$lBLL01$h1708
=CAT  \\$aS2302-1302$c20230323$lBLL01$h1443
=CAT  \\$aIPL-CLA$c20230331$lBLL01$h1546
=CAT  \\$aS2304-0519$c20230412$lBLL01$h1139
=CAT  \\$aBATCH-SUPP$c20230426$lBLL01$h1108
=CFI  0\$aCurrent Copyright Fee: GBP42.00$c29\0$e01-apr-2023$fGBP42.00$g0$hP$5Uk
=CFI  2\$aPrevious copyright fee: GBP32.00$c29\0$e01-apr-2022$fGBP32.00$g0$hP$5Uk
=EST  \\$a1
=FFP  \\$aY$bBLDSS-3PM
=FIN  \\$aY
=FMT  \\$a  SE
=LAS  \\$aBATCH-SUPP$b00$c20230426$lBLL01$h1108
=LEO  \\$aMP10.0000631162
=LKR  \\$aPAR$b009543042$lBLL01$nJournal of heredity (Print)$mJournal of heredity (Online)$r776
=MNI  \\$a0022-1503
=SRC  \\$aDSS01$bbibmp10.200404.2.aa
=TCO  \\$aTRS$bCCC$c008
=TOC  \\$aETOC
=UNO  \\$aY

