=LDR  05046cas a2201165 i 4500
=001  012433945
=003  Uk
=005  20230426110818.0
=006  m\\\\\\\\d\\\\\\\\
=007  cr||||||||||||
=008  040410c19909999enktr\p\s\\\\\0\\\a0eng\\
=015  \\$aGBB411364$2bnb
=019  c\$a102094196
=022  0\$a1471-6917$202
=037  \\$aislamj$bOxford University Press
=037  3\$aISSN_09552340$bPortico$nOxford University Press
=040  \\$aUk$beng$cUk$erda
=042  \\$aissnuk$aukblsr
=082  04$a297.05$223
=222  \0$aJournal of Islamic studies$b(Online)
=245  00$aJournal of Islamic studies.
=264  \1$aOxford :$bOxford University Press,$c1990-
=310  \\$aThree times a year,$b1999-
=321  \\$aSemiannual,$b1990-1998
=336  \\$atext$2rdacontent
=337  \\$acomputer$2rdamedia
=338  \\$aonline resource$2rdacarrier
=362  0\$aVolume 1 (1990)-
=500  \\$aTitle from front matter (PDF) (Oxford journals, viewed January 29, 2014).
=540  \\$aCurrent Copyright Fee: GBP42.00$c29\0$5Uk
=550  \\$a"Published on behalf of The Oxford Centre for Islamic Studies."
=588  \\$aLatest issue consulted: volume 25, number 1 (January 2014) (viewed January 29, 2014).
=650  \0$aIslam$vPeriodicals.
=651  \0$aIslamic countries$xCivilization$vPeriodicals.
=710  2\$aOxford Centre for Islamic Studies.
=776  08$iAlso issued in print as:$tJournal of Islamic studies$x0955-2340
=852  41$aBritish Library$bHMNTS$jELD Digital store$3Volume 17:Number 2(2006)-***Previous issues available in print copy
=852  41$aBritish Library$bDSC$j5008.550000$3jan-2001 VOL 12 PART 1-Volume 33:Issue 2(2022)***See ESTAR for full holdings.
=856  \\$31850-9999$uhttp://ukcatalogue.oup.com/$xBLDSS
=856  40$uhttp://jis.oxfordjournals.org/
=859  \\$aXLD$bejournal$cSFX
=859  \\$aELD$bejournal
=945  \\$aJournal of Islamic studies -Oxford-.
=959  \\$fCurrently available
=979  \\$aBritish Library$bDSC$j5008.550000
=A02  \\$a102094196
=ACF  \\$aPrevious copyright fee: GBP12.00$c29\0$e01-jan-2004$fGBP12.00$g0$hP$5Uk
=ACF  \\$aCurrent copyright fee: GBP8.00$c29\0$e01-apr-2002$fGBP8.00$g0$hP$5Uk
=ACF  \\$aCurrent copyright fee: GBP8.00$c0$e01-jul-2000$fGBP8.00$g0$hC$5Uk
=ACF  \\$aPrevious copyright fee: GBP13.00$c29\0$e01-jan-2006$fGBP13.00$g0$hP$5Uk
=ACF  \\$aPrevious copyright fee: GBP14.00$c29\0$e01-jan-2008$fGBP14.00$g0$hP$5Uk
=ACF  \\$aPrevious copyright fee: GBP20.00$c29\0$e01-jan-2013$fGBP20.00$g0$hP$5Uk
=ACF  \\$aPrevious copyright fee: GBP23.00$c29\0$e01-jan-2015$fGBP23.00$g0$hP$5Uk
=ACF  \\$aPrevious copyright fee: GBP24.00$c29\0$e01-jan-2016$fGBP24.00$g0$hP$5Uk
=ACF  \\$aPrevious copyright fee: GBP26.00$c29\0$e01-jan-2017$fGBP26.00$g0$hP$5Uk
=ACF  \\$aPrevious copyright fee: GBP27.00$c29\0$e01-jan-2018$fGBP27.00$g0$hP$5Uk
=ACF  \\$aPrevious copyright fee: GBP28.00$c29\0$e01-jan-2019$fGBP28.00$g0$hP$5Uk
=ACF  \\$aPrevious Copyright Fee: GBP29.00$c29\0$e01-jan-2020$fGBP29.00$g0$hP$5Uk
=CAT  \\$aCONV$b00$c20040425$lBLL90$h0713
=CAT  \\$a10983$b40$c20150904$lBLL01$h0937
=CAT  \\$aBATCH-UPD$b40$c20151119$lBLL01$h1551
=CAT  \\$aIPL-CLA$c20151231$lBLL01$h1918
=CAT  \\$aBATCH-UPD$b00$c20160524$lBLL01$h2209
=CAT  \\$aBATCH-UPD$b00$c20160525$lBLL01$h0014
=CAT  \\$a10983$b40$c20160818$lBLL01$h1005
=CAT  \\$aBATCH-UPD$b40$c20161122$lBLL01$h1520
=CAT  \\$aIPL-CLA$c20161230$lBLL01$h2114
=CAT  \\$aBATCH-UPD$b00$c20171121$lBLL01$h1703
=CAT  \\$aW1711-1005$c20171206$lBLL01$h1815
=CAT  \\$aIPL-CLA$c20171231$lBLL01$h1623
=CAT  \\$a10983$b40$c20180315$lBLL01$h1009
=CAT  \\$aBATCH-UPD$b40$c20181217$lBLL01$h1651
=CAT  \\$aIPL-CLA$c20181231$lBLL01$h1540
=CAT  \\$aW1910-0530$c20191007$lBLL01$h1114
=CAT  \\$aR1911-1518$c20191206$lBLL01$h1405
=CAT  \\$aIPL-CLA$c20191231$lBLL01$h1922
=CAT  \\$aBATCH-UPD$b00$c20220308$lBLL01$h1727
=CAT  \\$aIPL-CLA$c20220331$lBLL01$h1951
=CAT  \\$a12654$b40$c20221209$lBLL01$h1428
=CAT  \\$aS2302-1302$c20230322$lBLL01$h1708
=CAT  \\$aS2302-1302$c20230323$lBLL01$h1443
=CAT  \\$aIPL-CLA$c20230331$lBLL01$h1546
=CAT  \\$aS2304-0519$c20230412$lBLL01$h1139
=CAT  \\$aBATCH-SUPP$c20230426$lBLL01$h1108
=CFI  0\$aCurrent Copyright Fee: GBP42.00$c29\0$e01-apr-2023$fGBP42.00$g0$hP$5Uk
=CFI  2\$aPrevious copyright fee: GBP32.00$c29\0$e01-apr-2022$fGBP32.00$g0$hP$5Uk
=EST  \\$a1
=FFP  \\$aY$bBLDSS-3PM
=FIN  \\$aY
=FMT  \\$a  SE
=LAS  \\$aBATCH-SUPP$b00$c20230426$lBLL01$h1108
=LEO  \\$aMP22.0000065036
=LEO  \\$aMP10.0000631215
=LKR  \\$aPAR$b010490358$lBLL01$nJournal of Islamic Studies (Print)$mJournal of Islamic studies (Online)$r776
=MNI  \\$a0955-2340
=SRC  \\$aISN01$bbibmp22.200404.2.aa
=SRC  \\$aDSS01$bbibmp10.200404.2.aa
=TCO  \\$aCLA$bCLA$c008
=TOC  \\$aETOC
=UNO  \\$aY

