=LDR  05979cas a2201369 a 4500
=001  012433953
=003  Uk
=005  20230426110818.0
=006  m\\\\\o\\d\\\\\\\\
=007  cr\|||||||||||
=008  990730c19859999enktx\pso\g\\\0\\\a0eng\c
=010  \\$a   00238185 
=015  \\$aGBB409914$2bnb
=016  7\$a019936923$2DE-101
=016  7\$a1501039-9$2DE-600
=019  c\$a102316702
=022  0\$a1465-7341$202
=035  \\$a(OCoLC)41982738
=037  \\$ajleorg$bOxford University Press
=037  3\$aISSN_87566222$bPortico$nOxford University Press
=040  \\$aOAU$beng$cOAU$dOCoLC$dMiU$dOCoLC$dInU$dOCoLC$dFDS-L$dOCoLC$dMiU$dOCoLC$dCaQMU$dOCoLC$dMiEM$dOCoLC$dOCLCO$dGBVCP$dOCoLC$dUk
=042  \\$aissnuk$aukblsr
=050  14$aK10
=082  04$a340.05$223
=130  0\$aJournal of law, economics, & organization (Online)
=222  \0$aJournal of law, economics, & organization$b(Online)
=245  14$aThe journal of law, economics, & organization$h[electronic resource].
=246  3\$aJournal of law, economics, and organization
=246  13$aLEO
=260  \\$aNew Haven, Conn. :$bYale University Press,$c1985-
=260  3\$aOxford :$bOxford University Press
=310  \\$a3 no. a year,$b1999-
=321  \\$aSemiannual,$b1985-1989
=321  \\$a3 no. a year,$b1990-1992
=321  \\$aSemiannual,$b1993-1998
=336  \\$atext$2rdacontent
=337  \\$acomputer$2rdamedia
=338  \\$aonline resource$2rdacarrier
=362  0\$aVol. 1, no. 1 (spring 1985)-
=500  \\$aImprint varies; published: Oxford, UK : Oxford University Press, spring 1991-.
=500  \\$aTitle from title screen (JSTOR, viewed Feb. 11, 2004).
=530  \\$aAlso issued in print.
=538  \\$aMode of access: World Wide Web.
=540  \\$aCurrent Copyright Fee: GBP42.00$c29\0$5Uk
=588  \\$aLatest issue consulted: volume 29, number 6 (December 2013) (Oxford Journals, viewed January 28, 2014).
=650  \0$aLaw$vPeriodicals.
=650  \0$aEconomics$vPeriodicals.
=650  \0$aOrganization$vPeriodicals.
=650  \0$aJurisprudence$vPeriodicals.
=776  08$iPrint version:$tJournal of law, economics & organization$x8756-6222
=852  41$aBritish Library$bHMNTS$jELD Digital store$3Volume 30:Number 1(2014)-***Previous issues available in print copy
=852  41$aBritish Library$bDSC$j5010.190000$3apr-2000 VOL 16 PART 1-Volume 30:Issue 3(2014)***See ESTAR for full holdings.
=856  \\$31850-9999$uhttp://ukcatalogue.oup.com/$xBLDSS
=856  40$uhttp://jleo.oxfordjournals.org/
=856  40$uhttp://www.jstor.org/journals/87566222.html
=856  40$uhttp://www3.oup.co.uk/jleorg/
=859  \\$aELD$bejournal
=859  \\$aXLD$bejournal$cSFX
=945  \\$aJournal of law economics and organization
=959  \\$fCurrently available
=979  \\$aBritish Library$bDSC$j5010.190000
=A02  \\$a102316702
=ACF  \\$aPrevious copyright fee: GBP15.00$c29\0$e01-jan-2004$fGBP15.00$g0$hP$5Uk
=ACF  \\$aCurrent copyright fee: GBP10.00$c29\0$e01-apr-2002$fGBP10.00$g0$hP$5Uk
=ACF  \\$aCurrent copyright fee: GBP10.00$c0$e01-jul-2001$fGBP10.00$g0$hC$5Uk
=ACF  \\$aPrevious Copyright Fee: GBP16.00$c29\0$e01-jan-2006$fGBP16.00$g0$hP$5Uk
=ACF  \\$aPrevious copyright fee: GBP18.00$c29\0$e01-jan-2008$fGBP18.00$g0$hP$5Uk
=ACF  \\$aPrevious copyright fee: GBP20.00$c29\0$e01-jan-2013$fGBP20.00$g0$hP$5Uk
=ACF  \\$aPrevious copyright fee: GBP23.00$c29\0$e01-jan-2015$fGBP23.00$g0$hP$5Uk
=ACF  \\$aPrevious copyright fee: GBP24.00$c29\0$e01-jan-2016$fGBP24.00$g0$hP$5Uk
=ACF  \\$aPrevious copyright fee: GBP26.00$c29\0$e01-jan-2017$fGBP26.00$g0$hP$5Uk
=ACF  \\$aPrevious copyright fee: GBP27.00$c29\0$e01-jan-2018$fGBP27.00$g0$hP$5Uk
=ACF  \\$aPrevious copyright fee: GBP28.00$c29\0$e01-jan-2019$fGBP28.00$g0$hP$5Uk
=ACF  \\$aPrevious Copyright Fee: GBP29.00$c29\0$e01-jan-2020$fGBP29.00$g0$hP$5Uk
=CAT  \\$aCONV$b00$c20040425$lBLL90$h0713
=CAT  \\$aCDS15-UPD$b40$c20141130$lBLL01$h1853
=CAT  \\$aBLDSS-3PM$b00$c20141208$lBLL01$h1624
=CAT  \\$aIPL-CLA$c20141231$lBLL01$h1650
=CAT  \\$aBATCH-UPD$b00$c20151119$lBLL01$h1551
=CAT  \\$aIPL-CLA$c20151231$lBLL01$h1918
=CAT  \\$aBATCH-UPD$b00$c20160524$lBLL01$h2209
=CAT  \\$aBATCH-UPD$b00$c20160525$lBLL01$h0014
=CAT  \\$aBATCH-UPD$b00$c20161122$lBLL01$h1520
=CAT  \\$aIPL-CLA$c20161230$lBLL01$h2114
=CAT  \\$aBATCH-UPD$b00$c20171121$lBLL01$h1703
=CAT  \\$aW1711-1005$c20171206$lBLL01$h1815
=CAT  \\$aIPL-CLA$c20171231$lBLL01$h1623
=CAT  \\$aBATCH-UPD$b00$c20181217$lBLL01$h1651
=CAT  \\$aIPL-CLA$c20181231$lBLL01$h1540
=CAT  \\$aW1910-0530$c20191007$lBLL01$h1114
=CAT  \\$aR1911-1518$c20191206$lBLL01$h1405
=CAT  \\$aIPL-CLA$c20191231$lBLL01$h1922
=CAT  \\$aBATCH-UPD$b00$c20220308$lBLL01$h1727
=CAT  \\$aIPL-CLA$c20220331$lBLL01$h1951
=CAT  \\$a12654$b40$c20230222$lBLL01$h1355
=CAT  \\$aS2302-1302$c20230322$lBLL01$h1708
=CAT  \\$aS2302-1302$c20230323$lBLL01$h1443
=CAT  \\$aIPL-CLA$c20230331$lBLL01$h1546
=CAT  \\$aS2304-0519$c20230412$lBLL01$h1139
=CAT  \\$aBATCH-SUPP$c20230426$lBLL01$h1108
=CFI  0\$aCurrent Copyright Fee: GBP42.00$c29\0$e01-apr-2023$fGBP42.00$g0$hP$5Uk
=CFI  2\$aPrevious copyright fee: GBP32.00$c29\0$e01-apr-2022$fGBP32.00$g0$hP$5Uk
=EST  \\$a1
=FFP  \\$aY$bBLDSS-3PM
=FIN  \\$aY$d20140128
=FMT  \\$a  SE
=LAS  \\$aBATCH-SUPP$b00$c20230426$lBLL01$h1108
=LEO  \\$aMP10.0000631223
=LET  \0$aJournal of law, economics and organization (Electronic)
=LKR  \\$aPAR$b010490463$lBLL01$r776$mJournal of law, economics, and organization (Online)$nJournal of law, economics, & organization (Print).
=MNI  \\$a8756-6222
=SRC  \\$aDSS01$bbibmp10.200404.2.aa
=SRC  \\$aBLL02
=TCO  \\$aTRS$bCCC$c008
=TCO  \\$aCLA$bCLA$c008
=TOC  \\$aETOC
=UNO  \\$aY

