=LDR  05313cas a2201225 a 4500
=001  012433957
=003  Uk
=005  20230426110819.0
=006  m\\\\\\\\d\\\\\\\\
=007  cr\|||||||||||
=008  990929c19909999enkbr\poo\\\\\0\\\a0eng\c
=015  \\$aGBB409963$2bnb
=019  c\$a102407151
=022  0\$a1465-363X$202
=035  \\$a(WaSeSS)ssj0002614
=035  \\$a(UkCU)4284820
=037  \\$alogcom$bOxford University Press
=037  3\$aISSN_0955792X$bPortico$nOxford University Press
=038  \\$aOCoLC
=040  \\$aIaAS$beng$cIaAS$dOCoLC$dWaU$dOCoLC$dOCLCO$dOCoLC$dWaSeSS$dUk
=042  \\$aissnuk$aukblsr
=050  14$aQA76.63
=082  04$a005.115$223
=130  0\$aJournal of logic and computation (Online)
=222  \0$aJournal of logic and computation$b(Online)
=245  10$aJournal of logic and computation$h[electronic resource].
=260  \\$aOxford :$bOxford University Press,$c1990-
=310  \\$aBimonthly
=336  \\$atext$2rdacontent
=337  \\$acomputer$2rdamedia
=338  \\$aonline resource$2rdacarrier
=362  1\$aPrint began with vol. 1, no. 1 (July 1990).
=540  \\$aCurrent Copyright Fee: GBP32.00$c29\0$5Uk
=588  \\$aDescription based on: Vol. 7, issue 6 (Dec. 1997); title from HTML contents (OUP, viewed Jan. 28, 2004).
=588  \\$aLatest issue consulted: volume 24, number 1 (February 2014) (Oxford journals, viewed January 28, 2014).
=650  \0$aLogic programming$vPeriodicals.
=650  \0$aLogic, Symbolic and mathematical$vPeriodicals.
=650  \0$aComputational complexity$vPeriodicals.
=776  08$iAlso issued in print as:$tJournal of logic and computation$x0955-792X
=852  41$aBritish Library$bHMNTS$jELD Digital store$3Volume 24:Number 1(2014:Feb.)-
=852  41$aBritish Library$bDSC$j5010.552200$3feb-2000 VOL 10 PART 1-Volume 21:Issue 6(2011)***See ESTAR for full holdings.
=856  \\$31850-9999$uhttp://ukcatalogue.oup.com/$xBLDSS
=856  40$uhttp://logcom.oxfordjournals.org/
=859  \\$aXLD$bejournal$cSFX
=859  \\$aELD$bejournal
=945  \\$aJournal of logic and computation
=959  \\$fCurrently available
=963  \\$aCA/U-2 VOL. 1, 1990- *A=1$bN
=979  \\$aBritish Library$bDSC$j5010.552200
=A02  \\$a102407151
=ACF  \\$aPrevious copyright fee: GBP15.00$c29\0$e01-jan-2004$fGBP15.00$g0$hP$5Uk
=ACF  \\$aCurrent copyright fee: GBP10.00$c29\0$e01-apr-2002$fGBP10.00$g0$hP$5Uk
=ACF  \\$aCurrent copyright fee: GBP10.00$c0$e01-jul-2001$fGBP10.00$g0$hC$5Uk
=ACF  \\$aPrevious copyright fee: GBP16.00$c29\0$e01-jan-2006$fGBP16.00$g0$hP$5Uk
=ACF  \\$aPrevious copyright fee: GBP18.00$c29\0$e01-jan-2008$fGBP18.00$g0$hP$5Uk
=ACF  \\$aPrevious copyright fee: GBP20.00$c29\0$e01-jan-2013$fGBP20.00$g0$hP$5Uk
=ACF  \\$aPrevious copyright fee: GBP23.00$c29\0$e01-jan-2015$fGBP23.00$g0$hP$5Uk
=ACF  \\$aPrevious copyright fee: GBP24.00$c29\0$e01-jan-2016$fGBP24.00$g0$hP$5Uk
=ACF  \\$aPrevious copyright fee: GBP26.00$c29\0$e01-jan-2017$fGBP26.00$g0$hP$5Uk
=ACF  \\$aPrevious copyright fee: GBP27.00$c29\0$e01-jan-2018$fGBP27.00$g0$hP$5Uk
=ACF  \\$aPrevious copyright fee: GBP28.00$c29\0$e01-jan-2019$fGBP28.00$g0$hP$5Uk
=ACF  \\$aPrevious Copyright Fee: GBP20.00$c29\0$e01-jan-2020$fGBP20.00$g0$hP$5Uk
=CAT  \\$aCONV$b00$c20040425$lBLL90$h0713
=CAT  \\$aBATCH-UPD$b00$c20141124$lBLL01$h1810
=CAT  \\$aBLDSS-3PM$b00$c20141208$lBLL01$h1624
=CAT  \\$aIPL-CLA$c20141231$lBLL01$h1650
=CAT  \\$aBATCH-UPD$b00$c20151119$lBLL01$h1551
=CAT  \\$aIPL-CLA$c20151231$lBLL01$h1918
=CAT  \\$aBATCH-UPD$b00$c20160524$lBLL01$h2209
=CAT  \\$aBATCH-UPD$b00$c20160525$lBLL01$h0014
=CAT  \\$aBATCH-UPD$b00$c20161122$lBLL01$h1520
=CAT  \\$aIPL-CLA$c20161230$lBLL01$h2114
=CAT  \\$aBATCH-UPD$b00$c20171121$lBLL01$h1703
=CAT  \\$aW1711-1005$c20171206$lBLL01$h1815
=CAT  \\$aIPL-CLA$c20171231$lBLL01$h1623
=CAT  \\$aBATCH-UPD$b00$c20181217$lBLL01$h1651
=CAT  \\$aIPL-CLA$c20181231$lBLL01$h1540
=CAT  \\$aW1910-0530$c20191007$lBLL01$h1114
=CAT  \\$aR1911-1518$c20191206$lBLL01$h1419
=CAT  \\$aIPL-CLA$c20191231$lBLL01$h1922
=CAT  \\$aBATCH-UPD$b00$c20220308$lBLL01$h1734
=CAT  \\$aIPL-CLA$c20220331$lBLL01$h1951
=CAT  \\$a12654$b40$c20230222$lBLL01$h1432
=CAT  \\$aS2302-1302$c20230322$lBLL01$h1708
=CAT  \\$aS2302-1302$c20230323$lBLL01$h1443
=CAT  \\$aIPL-CLA$c20230331$lBLL01$h1546
=CAT  \\$aS2304-0519$c20230412$lBLL01$h1139
=CAT  \\$aBATCH-SUPP$c20230426$lBLL01$h1108
=CFI  0\$aCurrent Copyright Fee: GBP32.00$c29\0$e01-apr-2023$fGBP32.00$g0$hP$5Uk
=CFI  2\$aPrevious copyright fee: GBP22.00$c29\0$e01-apr-2022$fGBP22.00$g0$hP$5Uk
=EST  \\$a1
=FFP  \\$aY$bBLDSS-3PM
=FIN  \\$aY
=FMT  \\$a  SE
=LAS  \\$aBATCH-SUPP$b00$c20230426$lBLL01$h1108
=LEO  \\$aMP22.0000060181
=LEO  \\$aMP10.0000631227
=LKR  \\$aPAR$b007740524$lBLL01$nJournal of logic and computation (Print)$mJournal of logic and computation (Online)$r776
=MNI  \\$a0955-792X
=SID  \\$aZ39$bRLUK
=SRC  \\$aISN01$bbibmp22.200404.2.aa
=SRC  \\$aDSS01$bbibmp10.200404.2.aa
=TCO  \\$aCLA$bCLA$c008
=TOC  \\$aETOC
=UNO  \\$aY

