=LDR  05851cas a2201321 a 4500
=001  012434068
=003  Uk
=005  20230426110819.0
=006  m\\\\\\\\d\\\\\\\\
=007  cr\|||||||||||
=008  770615c19769999ncumx\poo\\\\\0\\\a0eng\c
=015  \\$aGBB412007$2bnb
=016  7\$a1470323-3$2DE-600
=019  c\$a102094678
=022  0\$a1465-735X$202
=035  \\$a(WaSeSS)ssj0004436
=035  \\$a(UkCU)4284824
=037  \\$ajpepsy$bOxford University Press
=037  3\$aISSN_01468693$bPortico$nOxford University Press
=038  \\$aOCoLC
=040  \\$aOAU$beng$cOAU$dMiU$dOCoLC$dInU$dOCoLC$dHEBIS$dOCoLC$dDNAL$dOCoLC$dWaSeSS$dUk
=042  \\$aissnuk$aukblsr
=050  \4$aRJ503.3
=070  0\$aRJ503.3$b.J68
=082  04$a618.9289005$223
=130  0\$aJournal of pediatric psychology (Online)
=222  \0$aJournal of pediatric psychology$b(Online)
=245  10$aJournal of pediatric psychology$h[electronic resource].
=246  30$aPediatric psychology
=260  \\$aOxford :$bOxford University Press
=264  31$aCary, NC :$bOxford University Press for the Society of Pediatric Psychology,$c1976-
=310  \\$aTen no. a year,$b2006-
=321  \\$aEight no. a year,$b2000-2005
=321  \\$aBimonthly,$b1990-1999
=321  \\$aQuarterly,$b<-1989
=336  \\$atext$2rdacontent
=337  \\$acomputer$2rdamedia
=338  \\$aonline resource$2rdacarrier
=362  1\$aPrint began with vol. 1, no. 1 (winter 1976).
=500  \\$aPublished by the Society of Pediatric Psychology prior to 1998.
=540  \\$aCurrent Copyright Fee: GBP42.00$c29\0$5Uk
=550  \\$aOfficial journal of: Society of Pediatric Psychology, Division 54 of the American Psychological Association.
=588  \\$aDescription based on: Vol. 21, no. 1 (Jan./Feb. 1996); title from journal home page (Oxford University Press, viewed June 13, 2006).
=588  \\$aLatest issue consulted: volume 39, number 1 (January/February 2014) (Oxford journals, viewed February 3, 2014).
=650  \0$aClinical child psychology$vPeriodicals.
=710  2\$aSociety of Pediatric Psychology.
=776  08$iAlso issued in print as:$tJournal of pediatric psychology$x0146-8693
=852  41$aBritish Library$bHMNTS$jELD Digital store$3Volume 39:Number 1(2014)-
=852  41$aBritish Library$bDSC$j5030.260000$3feb-2000 VOL 25 PART 1-Volume 36:Issue 10(2011)***See ESTAR for full holdings.
=856  \\$31850-9999$uhttp://ukcatalogue.oup.com/$xBLDSS
=856  40$uhttp://jpepsy.oxfordjournals.org/
=859  \\$aELD$bejournal
=859  \\$aXLD$bejournal$cSFX
=945  \\$aJOURNAL OF PEDIATRIC PSYCHOLOGY.
=959  \\$fCurrently available
=963  \\$aVOL. 23, 1998- *A=1$bN$cL332.B.37
=979  \\$aBritish Library$bDSC$j5030.260000
=985  \\$aCorrected by MS generated file for WR# 12.018
=A02  \\$a102094678
=ACF  \\$aPrevious copyright fee: GBP12.00$c29\0$e01-jan-2004$fGBP12.00$g0$hP$5Uk
=ACF  \\$aCurrent copyright fee: GBP8.00$c29\0$e01-apr-2002$fGBP8.00$g0$hP$5Uk
=ACF  \\$aCurrent copyright fee: GBP14.82$c4\4$e01-jan-2002$fGBP14.82$g0$hP$5Uk
=ACF  \\$aPrevious copyright fee: GBP13.00$c29\0$e01-jan-2006$fGBP13.00$g0$hP$5Uk
=ACF  \\$aPrevious copyright fee: GBP14.00$c29\0$e01-jan-2008$fGBP14.00$g0$hP$5Uk
=ACF  \\$aPrevious copyright fee: GBP20.00$c29\0$e01-jan-2013$fGBP20.00$g0$hP$5Uk
=ACF  \\$aPrevious copyright fee: GBP23.00$c29\0$e01-jan-2015$fGBP23.00$g0$hP$5Uk
=ACF  \\$aPrevious copyright fee: GBP24.00$c29\0$e01-jan-2016$fGBP24.00$g0$hP$5Uk
=ACF  \\$aPrevious copyright fee: GBP26.00$c29\0$e01-jan-2017$fGBP26.00$g0$hP$5Uk
=ACF  \\$aPrevious copyright fee: GBP27.00$c29\0$e01-jan-2018$fGBP27.00$g0$hP$5Uk
=ACF  \\$aPrevious copyright fee: GBP28.00$c29\0$e01-jan-2019$fGBP28.00$g0$hP$5Uk
=ACF  \\$aPrevious Copyright Fee: GBP29.00$c29\0$e01-jan-2020$fGBP29.00$g0$hP$5Uk
=CAT  \\$aCONV$b00$c20040425$lBLL90$h0713
=CAT  \\$aBATCH-UPD$b00$c20141124$lBLL01$h1810
=CAT  \\$aBLDSS-3PM$b00$c20141208$lBLL01$h1624
=CAT  \\$aIPL-CLA$c20141231$lBLL01$h1650
=CAT  \\$aBATCH-UPD$b00$c20151119$lBLL01$h1551
=CAT  \\$aIPL-CLA$c20151231$lBLL01$h1918
=CAT  \\$aBATCH-UPD$b00$c20160524$lBLL01$h2209
=CAT  \\$aBATCH-UPD$b00$c20160525$lBLL01$h0014
=CAT  \\$aBATCH-UPD$b00$c20161122$lBLL01$h1520
=CAT  \\$aIPL-CLA$c20161230$lBLL01$h2114
=CAT  \\$aBATCH-UPD$b00$c20171121$lBLL01$h1703
=CAT  \\$aW1711-1005$c20171206$lBLL01$h1815
=CAT  \\$aIPL-CLA$c20171231$lBLL01$h1623
=CAT  \\$aBATCH-UPD$b00$c20181217$lBLL01$h1651
=CAT  \\$aIPL-CLA$c20181231$lBLL01$h1540
=CAT  \\$aW1910-0530$c20191007$lBLL01$h1114
=CAT  \\$aR1911-1518$c20191206$lBLL01$h1405
=CAT  \\$aIPL-CLA$c20191231$lBLL01$h1922
=CAT  \\$aBATCH-UPD$b00$c20220308$lBLL01$h1727
=CAT  \\$aIPL-CLA$c20220331$lBLL01$h1951
=CAT  \\$a12654$b40$c20230223$lBLL01$h0848
=CAT  \\$aS2302-1302$c20230322$lBLL01$h1708
=CAT  \\$aS2302-1302$c20230323$lBLL01$h1443
=CAT  \\$aIPL-CLA$c20230331$lBLL01$h1546
=CAT  \\$aS2304-0519$c20230412$lBLL01$h1139
=CAT  \\$aBATCH-SUPP$c20230426$lBLL01$h1108
=CFI  0\$aCurrent Copyright Fee: GBP42.00$c29\0$e01-apr-2023$fGBP42.00$g0$hP$5Uk
=CFI  2\$aPrevious copyright fee: GBP32.00$c29\0$e01-apr-2022$fGBP32.00$g0$hP$5Uk
=EST  \\$a1
=FFP  \\$aY$bBLDSS-3PM
=FIN  \\$aY
=FMT  \\$a  SE
=LAS  \\$aBATCH-SUPP$b00$c20230426$lBLL01$h1108
=LEO  \\$aMP10.0000631338
=LKR  \\$aPAR$b010491385$lBLL01$nJournal of pediatric psychology (Print)$mJournal of pediatric psychology (Online)$r776
=MNI  \\$a0146-8693
=SID  \\$aZ39$bRLUK
=SRC  \\$aDSS01$bbibmp10.200404.2.aa
=TCO  \\$aTRS$bCCC$c008
=TCO  \\$aCLA$bCLA$c008
=TOC  \\$aETOC
=UNO  \\$aY

