=LDR  05585cas a2201285 a 4500
=001  012434085
=003  Uk
=005  20230706103854.0
=006  m\\\\\o\\d\\\\\\\\
=007  cr\cn|||||||||
=008  040410c19789999enkqr\p\o\\\\\0\\\a0eng\\
=015  \\$aGBB349167$2bnb
=019  c\$a102094724
=022  0\$a1467-9752$l0309-8249$y0309-8249$202
=037  \\$aISSN_03098249$bPortico$nWiley
=037  3\$aISSN_03098249_4$bPortico$nOxford University Press
=040  \\$aUk$cUk$dUk
=042  \\$aukblsr$aissnuk
=082  04$a370.1$222
=130  0\$aJournal of philosophy of education (Online)
=210  0\$aJ. philos. educ.$b(Online)
=222  \0$aJournal of philosophy of education$b(Online)
=245  10$aJournal of philosophy of education$h[electronic resource].
=260  \\$aOxford :$bBlackwell
=264  21$a[Oxford?] :$bWiley
=264  31$32023- :$a[Oxford] :$bOxford University Press
=310  \\$aQuarterly,$b2000-
=321  \\$aThree no a year,$b-1999
=336  \\$atext$2rdacontent
=337  \\$acomputer$2rdamedia
=338  \\$aonline resource$2rdacarrier
=362  1\$aPrint began in 1978.
=500  \\$aAbstracts for 1996- also available online through Blackwell Publishers.
=530  \\$aAlso issued in print.
=538  \\$aMode of access: World Wide Web.
=540  \\$aCurrent Copyright Fee: GBP40.00$c29\0$5Uk
=550  \\$a"Journal of the Philosophy of Education Society of Great Britain."
=588  \\$aLatest issue consulted: volume 57, issue 1 (February 2023) (Oxford Academic, viewed June 14, 2023).
=595  \\$aFORMERLY 6786.8 UP TO VOL. 11, 1977.
=650  \0$aEducation$xPhilosophy$vPeriodicals.
=650  \0$aEducation$zGreat Britain$xPhilosophy$vPeriodicals.
=710  2\$aPhilosophy of Education Society of Great Britain.
=776  1\$tJournal of philosophy of education (Print)$x0309-8249
=852  41$aBritish Library$bDSC$j5034.510000$3Volume 27:Issue 1(1993)-Volume 17:Issue 1(1983)***See ESTAR for full holdings.
=852  41$aBritish Library$bHMNTS$jELD Digital store$3Volume 47:Issue 1(2013:Feb.)-***Previous issues available in print copy
=856  \\$31850-9999$uhttp://onlinelibrary.wiley.com/$xBLDSS
=856  40$uhttp://onlinelibrary.wiley.com/journal/10.1111/(ISSN)1467-9752
=856  40$uhttps://academic.oup.com/jope
=859  \\$aXLD$bejournal$cSFX
=859  \\$aELD$bejournal
=945  \\$aJOURNAL OF PHILOSOPHY OF EDUCATION.
=959  \\$fCurrently available
=963  \\$aVOL. 12, 1978- *A=1$bY$cL240.C.980
=979  \\$aBritish Library$bDSC$j5034.510000
=985  \\$aCorrected by BSS-generated file for WR# 08/157
=985  \\$aCorrected by MS generated file for WR# 12.018
=985  \\$aRecord merged by DQ team
=A02  \\$a102094724
=ACF  \\$aPrevious copyright fee: GBP16.00$c10\0$e01-jan-2006$fGBP16.00$g0$hP$5Uk
=ACF  \\$aPrevious copyright fee: GBP15.00$c10\0$e01-apr-2004$fGBP15.00$g0$hP$5Uk
=ACF  \\$aCurrent copyright fee: GBP13.00$c10\0$e01-apr-2003$fGBP13.00$g0$hP$5Uk
=ACF  \\$aCurrent copyright fee: GBP13.00$c10\6$e01-apr-2002$fGBP13.00$g0$hP$5Uk
=ACF  \\$aPrevious copyright fee: GBP17.00$c10\0$e01-jan-2009$fGBP17.00$g0$hP$5Uk
=ACF  \\$aPrevious copyright fee: GBP22.00$c10\0$e01-jan-2011$fGBP22.00$g0$hP$5Uk
=ACF  \\$aPrevious copyright fee: GBP24.00$c10\0$e01-mar-2015$fGBP24.00$g0$hP$5Uk
=ACF  \\$aPrevious copyright fee: GBP24.00$c35\0$e07-mar-2017$fGBP24.00$g0$hP$5Uk
=ACF  \\$aPrevious copyright fee: GBP28.00$c35\0$e01-jan-2019$fGBP28.00$g0$hP$5Uk
=ACF  \\$aPrevious Copyright Fee: GBP32.00$c35\0$e01-jan-2020$fGBP32.00$g0$hP$5Uk
=CAT  \\$aCONV$b00$c20040425$lBLL90$h0713
=CAT  \\$aIPL-CLA$c20150228$lBLL01$h2046
=CAT  \\$aBATCH-UPD$b00$c20160622$lBLL01$h0852
=CAT  \\$aW1703-0316$c20170306$lBLL01$h1823
=CAT  \\$aW1703-0316$c20170307$lBLL01$h1647
=CAT  \\$aIPL-CLA$c20170307$lBLL01$h1824
=CAT  \\$aISSN$b40$c20170314$lBLL01$h1612
=CAT  \\$aW1711-1005$c20171206$lBLL01$h1815
=CAT  \\$aBATCH-UPD$b00$c20180219$lBLL01$h1745
=CAT  \\$aW1805-0471$c20180520$lBLL01$h1138
=CAT  \\$aBATCH-UPD$b00$c20181121$lBLL01$h1621
=CAT  \\$aIPL-CLA$c20181231$lBLL01$h1540
=CAT  \\$aR1911-0245$c20191127$lBLL01$h0822
=CAT  \\$aR1911-0245$c20191127$lBLL01$h1045
=CAT  \\$aIPL-CLA$c20191231$lBLL01$h1922
=CAT  \\$aW2111-0842$c20211208$lBLL01$h1942
=CAT  \\$aIPL-CLA$c20211231$lBLL01$h1542
=CAT  \\$a5410$b40$c20230101$lBLL01$h2131
=CAT  \\$aS2302-1302$c20230323$lBLL01$h1444
=CAT  \\$aIPL-CLA$c20230331$lBLL01$h1546
=CAT  \\$aS2304-0519$c20230412$lBLL01$h1139
=CAT  \\$a15190$b40$c20230425$lBLL01$h1450
=CAT  \\$aBATCH-SUPP$c20230426$lBLL01$h1108
=CAT  \\$a10973$b40$c20230614$lBLL01$h1434
=CAT  \\$a12654$b40$c20230706$lBLL01$h1036
=CAT  \\$a12654$b40$c20230706$lBLL01$h1038
=CFI  0\$aCurrent Copyright Fee: GBP40.00$c29\0$e01-apr-2023$fGBP40.00$g0$hP$5Uk
=CFI  2\$aPrevious copyright fee: GBP39.00$c35\0$e01-jan-2022$fGBP39.00$g0$hP$5Uk
=EST  \\$a1
=FFP  \\$aY$bBLDSS-3PM
=FIN  \\$aY
=FMT  \\$a  SE
=LAS  \\$a12654$b40$c20230706$lBLL01$h1038
=LEO  \\$aMP22.0000062212
=LEO  \\$aMP10.0000631355
=LKR  \\$aPAR$b010190343$lBLL01$r776$mJournal of philosophy of education (Online)$nJournal of philosophy of education (Print)
=MNI  \\$a0309-8249
=SRC  \\$aISN01$bbibmp22.200404.2.aa
=SRC  \\$aDSS01$bbibmp10.200404.2.aa
=TCO  \\$aCLA$bCLA$c008
=TOC  \\$aETOC
=UNO  \\$aY

