=LDR  05930cas a2201261 a 4500
=001  012434122
=003  Uk
=005  20230426110819.0
=007  cr||||||||||||
=008  040202c20049999enkqr\p\o\\\\\0\\\a0eng\c
=010  \\$a2004700255
=015  \\$aGBB414954$2bnb
=019  c\$a103021572
=022  0\$a1741-3850$l1741-3842$202
=035  \\$a(OCoLC)54314413
=037  \\$apubmed$bOxford University Press
=037  3\$aISSN_17413842$bPortico$nOxford University Press
=040  \\$aOUN$beng$cOUN$dSBH$dNLM$dOCLCQ$dTJC$dOCL$dOCLCQ$dUKMGB$dOCLCQ$dOCLCF$dUk
=042  \\$aukblsr$aissnuk
=043  \\$ae-uk---
=050  \4$aRA241
=082  04$a362.1$223
=130  0\$aJournal of public health (Oxford, England : Online)
=222  \0$aJournal of public health$b(Online)
=245  10$aJournal of public health$h[electronic resource].
=260  \\$aOxford, UK :$bOxford University Press
=310  \\$aQuarterly
=336  \\$atext$2rdacontent
=337  \\$acomputer$2rdamedia
=338  \\$aonline resource$2rdacarrier
=362  0\$aVol. 26, no. 1 (Mar. 2004)-
=500  \\$aTitle from vol. table of contents (publisher Web site, viewed Feb. 2, 2004).
=540  \\$aCurrent Copyright Fee: GBP42.00$c29\0$5Uk
=550  \\$aJournal of the Faculty of Public Health of the Royal Colleges of Physicians of the United Kingdom.
=580  \\$aIncludes issues of earlier title: Journal of public health medicine.
=588  \\$aLatest issue consulted: volume 35, number 4 (December 2013) (Oxford Journals, viewed February 6, 2014).
=650  \0$aPublic health$vPeriodicals.
=650  \0$aPublic health$zGreat Britain$vPeriodicals.
=650  \0$aMedical policy$vPeriodicals.
=650  \0$aMedical policy$zGreat Britain$vPeriodicals.
=690  7\$aSocial Welfare$2blcoll
=710  2\$aRoyal Colleges of Physicians of the United Kingdom.$bFaculty of Public Health.
=776  08$iAlso issued in print as:$tJournal of public health (Oxford, England)$x1741-3842
=780  10$tJournal of public health medicine$c(Online)$x1464-3782
=852  41$aBritish Library$bHMNTS$jELD Digital store$3Volume 36:Number 1(2014:Mar.)-***Previous issues available in print copy
=852  41$aBritish Library$bDSC$j5043.512000$3Volume 22:Issue 1(2000)-Volume 44:Issue 3(2022)***See ESTAR for full holdings.
=856  \\$31850-9999$uhttp://ukcatalogue.oup.com/$xBLDSS
=856  4\$uhttp://firstsearch.oclc.org$zAddress for accessing the journal using authorization number and password through OCLC FirstSearch Electronic Collections Online
=856  4\$uhttp://firstsearch.oclc.org/journal=1741-3842;screen=info;ECOIP$zAddress for accessing the journal from an authorized IP address through OCLC FirstSearch Electronic Collections Online
=856  40$uhttp://jpubhealth.oupjournals.org/
=859  \\$aELD$bejournal
=859  \\$aXLD$bejournal$cSFX
=945  \\$aJournal of public health -Oxford University Press-
=959  \\$fCurrently available
=979  \\$aBritish Library$bDSC$j5043.512000
=A02  \\$a103021572
=ACF  \\$aPrevious copyright fee: GBP12.00$c29\0$e01-jan-2004$fGBP12.00$g0$hP$5Uk
=ACF  \\$aPrevious copyright fee: GBP13.00$c29\0$e01-jan-2006$fGBP13.00$g0$hP$5Uk
=ACF  \\$aPrevious copyright fee: GBP14.00$c29\0$e01-jan-2008$fGBP14.00$g0$hP$5Uk
=ACF  \\$aPrevious copyright fee: GBP20.00$c29\0$e01-jan-2013$fGBP20.00$g0$hP$5Uk
=ACF  \\$aPrevious copyright fee: GBP23.00$c29\0$e01-jan-2015$fGBP23.00$g0$hP$5Uk
=ACF  \\$aPrevious copyright fee: GBP24.00$c29\0$e01-jan-2016$fGBP24.00$g0$hP$5Uk
=ACF  \\$aPrevious copyright fee: GBP26.00$c29\0$e01-jan-2017$fGBP26.00$g0$hP$5Uk
=ACF  \\$aPrevious copyright fee: GBP27.00$c29\0$e01-jan-2018$fGBP27.00$g0$hP$5Uk
=ACF  \\$aPrevious copyright fee: GBP28.00$c29\0$e01-jan-2019$fGBP28.00$g0$hP$5Uk
=ACF  \\$aPrevious Copyright Fee: GBP29.00$c29\0$e01-jan-2020$fGBP29.00$g0$hP$5Uk
=CAT  \\$aCONV$b00$c20040425$lBLL90$h0713
=CAT  \\$aBLDSS-3PM$b00$c20141208$lBLL01$h1624
=CAT  \\$aIPL-CLA$c20141231$lBLL01$h1650
=CAT  \\$aBATCH-UPD$b00$c20151119$lBLL01$h1551
=CAT  \\$aIPL-CLA$c20151231$lBLL01$h1918
=CAT  \\$aBATCH-UPD$b00$c20160524$lBLL01$h2209
=CAT  \\$aBATCH-UPD$b00$c20160525$lBLL01$h0014
=CAT  \\$aBATCH-UPD$b00$c20161122$lBLL01$h1520
=CAT  \\$aIPL-CLA$c20161230$lBLL01$h2114
=CAT  \\$aBATCH-UPD$b00$c20171121$lBLL01$h1703
=CAT  \\$aW1711-1005$c20171206$lBLL01$h1815
=CAT  \\$aIPL-CLA$c20171231$lBLL01$h1623
=CAT  \\$aBATCH-UPD$b00$c20181217$lBLL01$h1651
=CAT  \\$aIPL-CLA$c20181231$lBLL01$h1540
=CAT  \\$aW1910-0530$c20191007$lBLL01$h1114
=CAT  \\$aR1911-1518$c20191206$lBLL01$h1405
=CAT  \\$aIPL-CLA$c20191231$lBLL01$h1922
=CAT  \\$aBATCH-UPD$b00$c20220308$lBLL01$h1727
=CAT  \\$aIPL-CLA$c20220331$lBLL01$h1951
=CAT  \\$a8055$b40$c20221018$lBLL01$h1524
=CAT  \\$a8055$b40$c20221116$lBLL01$h1054
=CAT  \\$aS2302-1302$c20230322$lBLL01$h1708
=CAT  \\$aS2302-1302$c20230323$lBLL01$h1444
=CAT  \\$aIPL-CLA$c20230331$lBLL01$h1546
=CAT  \\$aS2304-0519$c20230412$lBLL01$h1139
=CAT  \\$aBATCH-SUPP$c20230426$lBLL01$h1108
=CFI  0\$aCurrent Copyright Fee: GBP42.00$c29\0$e01-apr-2023$fGBP42.00$g0$hP$5Uk
=CFI  2\$aPrevious copyright fee: GBP32.00$c29\0$e01-apr-2022$fGBP32.00$g0$hP$5Uk
=EST  \\$a1
=FFP  \\$aY$bBLDSS-3PM
=FIN  \\$aY$b20221022
=FMT  \\$a  SE
=LAS  \\$aBATCH-SUPP$b00$c20230426$lBLL01$h1108
=LEO  \\$aMP10.0000631392
=LKR  \\$aPAR$b010491811$lBLL01$r776$mJournal of public health$nJournal of public health (Print)
=LKR  \\$aPAR$b011456878$lBLL01$nJournal of public health medicine$mJournal of public health$r78000
=MNI  \\$a1741-3842
=SID  \\$aZ39$bOCLC
=SRC  \\$aDSS01$bbibmp10.200404.2.aa
=TCO  \\$aCLA$bCLA$c008
=TOC  \\$aETOC
=UNO  \\$aY

