=LDR  05978cas a2201321 a 4500
=001  012434132
=003  Uk
=005  20230426110819.0
=006  m\\\\\\\\d\\\\\\\\
=007  cr||||||||||||
=008  010605c19889999enkqr\p\o\\\\\0\\\a0eng\c
=010  \\$a2001227283
=015  \\$aGBB414971$2bnb
=019  c\$a102345785
=022  0\$a1471-6925$202
=035  \\$a(OCoLC)47068792$z(OCoLC)57180178
=037  \\$arefuge$bOxford University Press
=037  3\$aISSN_09516328$bPortico$nOxford University Press
=040  \\$aEYM$beng$cEYM$dOCLCQ$dOCL$dOCLCQ$dEYM$dMUQ$dUQ1$dOCLCQ$dMYG$dOCLCF$dUk
=042  \\$aukblsr$aissnuk
=050  14$aHV640$b.J68
=082  04$a305.906914$223
=130  0\$aJournal of refugee studies (Online)
=222  \0$aJournal of refugee studies$b(Online)
=245  10$aJournal of refugee studies$h[electronic resource].
=246  30$aRefugee studies
=260  \\$aOxford :$bOxford University Press
=310  \\$aQuarterly
=336  \\$atext$2rdacontent
=337  \\$acomputer$2rdamedia
=338  \\$aonline resource$2rdacarrier
=362  0\$aVol. 1, no. 1 (1988)-
=515  \\$aSome issues combined.
=540  \\$aCurrent Copyright Fee: GBP42.00$c29\0$5Uk
=550  \\$aPublished in association with: Refugee Studies Programme, University of Oxford, 1988-1999; Refugee Studies Centre, University of Oxford, 2000-
=588  \\$aDescription based on: Vol. 1, no. 1 (1988); title from journal table of contents page (Hein Online, viewed Mar. 18, 2013).
=588  \\$aLatest issue consulted: volume 26, number 4 (December 2013) (Oxford Journals, viewed February 6, 2014).
=650  \0$aRefugees$vPeriodicals.
=650  \0$aRefugees$xGovernment policy$vPeriodicals.
=650  \0$aForced migration$vPeriodicals.
=690  7\$aSocial Welfare$2blcoll
=710  2\$aUniversity of Oxford.$bRefugee Studies Centre.
=710  2\$aUniversity of Oxford.$bRefugee Studies Programme.
=776  08$iPrint version:$tJournal of refugee studies$x0951-6328
=852  41$aBritish Library$bDSC$j5048.550000$3mar-2001 VOL 14 PART 1-Volume 24:Issue 4(2011)***See ESTAR for full holdings.
=852  41$aBritish Library$bHMNTS$jELD Digital store$3Volume 27:Number 1(2014:Mar.)-***Previous issues available in print copy
=856  \\$31850-9999$uhttp://ukcatalogue.oup.com/$xBLDSS
=856  4\$uhttp://firstsearch.oclc.org$zAddress for accessing the journal using authorization number and password through OCLC FirstSearch Electronic Collections Online
=856  40$uhttp://jrs.oxfordjournals.org
=856  40$uhttp://www.heinonline.org/HOL/Index?index=journals/jrefst&collection=journals
=856  40$uhttp://www3.oup.co.uk/refuge
=859  \\$aELD$bejournal
=859  \\$aXLD$bejournal$cSFX
=945  \\$aJournal of refugee studies
=959  \\$fCurrently available
=979  \\$aBritihs Library$bDSC$j5048.550000
=985  \\$aCONFERENCE ANALYTIC &RECORDS EXIST
=A02  \\$a102345785
=ACF  \\$aPrevious copyright fee: GBP12.00$c29\0$e01-jan-2004$fGBP12.00$g0$hP$5Uk
=ACF  \\$aCurrent copyright fee: GBP8.00$c29\0$e01-apr-2002$fGBP8.00$g0$hP$5Uk
=ACF  \\$aCurrent copyright fee: GBP8.00$c0$e01-jul-2000$fGBP8.00$g0$hC$5Uk
=ACF  \\$aPrevious Copyright Fee: GBP13.00$c29\0$e01-jan-2006$fGBP13.00$g0$hP$5Uk
=ACF  \\$aPrevious copyright fee: GBP14.00$c29\0$e01-jan-2008$fGBP14.00$g0$hP$5Uk
=ACF  \\$aPrevious copyright fee: GBP20.00$c29\0$e01-jan-2013$fGBP20.00$g0$hP$5Uk
=ACF  \\$aPrevious copyright fee: GBP23.00$c29\0$e01-jan-2015$fGBP23.00$g0$hP$5Uk
=ACF  \\$aPrevious copyright fee: GBP24.00$c29\0$e01-jan-2016$fGBP24.00$g0$hP$5Uk
=ACF  \\$aPrevious copyright fee: GBP26.00$c29\0$e01-jan-2017$fGBP26.00$g0$hP$5Uk
=ACF  \\$aPrevious copyright fee: GBP27.00$c29\0$e01-jan-2018$fGBP27.00$g0$hP$5Uk
=ACF  \\$aPrevious copyright fee: GBP28.00$c29\0$e01-jan-2019$fGBP28.00$g0$hP$5Uk
=ACF  \\$aPrevious Copyright Fee: GBP29.00$c29\0$e01-jan-2020$fGBP29.00$g0$hP$5Uk
=CAT  \\$aCONV$b00$c20040425$lBLL90$h0713
=CAT  \\$a8342$b40$c20141125$lBLL01$h1033
=CAT  \\$aBLDSS-3PM$b00$c20141208$lBLL01$h1624
=CAT  \\$aIPL-CLA$c20141231$lBLL01$h1650
=CAT  \\$aBATCH-UPD$b00$c20151119$lBLL01$h1551
=CAT  \\$aIPL-CLA$c20151231$lBLL01$h1918
=CAT  \\$aBATCH-UPD$b00$c20160524$lBLL01$h2209
=CAT  \\$aBATCH-UPD$b00$c20160525$lBLL01$h0014
=CAT  \\$aBATCH-UPD$b00$c20161122$lBLL01$h1520
=CAT  \\$aIPL-CLA$c20161230$lBLL01$h2114
=CAT  \\$aBATCH-UPD$b00$c20171121$lBLL01$h1703
=CAT  \\$aW1711-1005$c20171206$lBLL01$h1815
=CAT  \\$aIPL-CLA$c20171231$lBLL01$h1623
=CAT  \\$aBATCH-UPD$b00$c20181217$lBLL01$h1651
=CAT  \\$aIPL-CLA$c20181231$lBLL01$h1540
=CAT  \\$aW1910-0530$c20191007$lBLL01$h1114
=CAT  \\$aR1911-1518$c20191206$lBLL01$h1405
=CAT  \\$aIPL-CLA$c20191231$lBLL01$h1922
=CAT  \\$aBATCH-UPD$b00$c20220308$lBLL01$h1727
=CAT  \\$aIPL-CLA$c20220331$lBLL01$h1951
=CAT  \\$a12654$b40$c20230223$lBLL01$h0941
=CAT  \\$aS2302-1302$c20230322$lBLL01$h1708
=CAT  \\$aS2302-1302$c20230323$lBLL01$h1444
=CAT  \\$aIPL-CLA$c20230331$lBLL01$h1546
=CAT  \\$aS2304-0519$c20230412$lBLL01$h1139
=CAT  \\$aBATCH-SUPP$c20230426$lBLL01$h1108
=CFI  0\$aCurrent Copyright Fee: GBP42.00$c29\0$e01-apr-2023$fGBP42.00$g0$hP$5Uk
=CFI  2\$aPrevious copyright fee: GBP32.00$c29\0$e01-apr-2022$fGBP32.00$g0$hP$5Uk
=EST  \\$a1
=FFP  \\$aY$bBLDSS-3PM
=FIN  \\$aY
=FMT  \\$a  SE
=LAS  \\$aBATCH-SUPP$b00$c20230426$lBLL01$h1108
=LEO  \\$aMP10.0000631402
=LEO  \\$aMP22.0000065037
=LKR  \\$aPAR$b011822456$lBLL01$r776$mJournal of refugee studies (Online)$nJournal of refugee studies (Print)
=MNI  \\$a0951-6328
=SID  \\$aZ39$bOCLC
=SRC  \\$aISN01$bbibmp22.200404.2.aa
=SRC  \\$aDSS01$bbibmp10.200404.2.aa
=TCO  \\$aCLA$bCLA$c008
=TOC  \\$aETOC
=UNO  \\$aY

