=LDR  05787cas a2201357 a 4500
=001  012434157
=003  Uk
=005  20230426110819.0
=006  m\\\\\o\\d\\\\\\\\
=007  cr\mnu||||||||
=008  020522c19829999enkqr\pso\\\\\0\\\a0eng\c
=010  \\$a2003251203
=015  \\$aGBB414969$2bnb
=016  7\$a023224053$2DE-101
=016  7\$a2072102-X$2DE-600
=019  c\$a102219079
=022  0\$a1477-4593$202
=035  \\$a(OCoLC)49846877$z(OCoLC)517528453
=037  \\$asemant$bOxford University Press
=037  3\$aISSN_01675133$bPortico$nOxford University Press
=040  \\$aPIT$beng$cPIT$dOCLCQ$dUMC$dOCLCQ$dVRC$dOCLCQ$dSHS$dEUX$dGEBAY$dOCLCQ$dOCLCO$dGBVCP$dAGL$dOCLCQ$dOCLCF$dUk
=042  \\$aissnuk$aukblsr
=050  14$aP325$b.J64
=070  0\$aP325$b.J64
=082  04$a401.43$222
=130  0\$aJournal of semantics (Online)
=222  \0$aJournal of semantics$b(Oxford. Online)
=245  10$aJournal of semantics$h[electronic resource].
=260  \\$aNijmegen, Holland :$bN.I.S. Foundation, Nijmegen Institute of Semantics
=260  3\$aOxford :$bOxford University Press
=310  \\$aQuarterly
=336  \\$atext$2rdacontent
=337  \\$acomputer$2rdamedia
=338  \\$aonline resource$2rdacarrier
=362  1\$aPrint began with vol. 1, no. 1 (Mar. 1982).
=530  \\$aAlso issued in print.
=538  \\$aMode of access: World Wide Web.
=540  \\$aCurrent Copyright Fee: GBP33.00$c29\0$5Uk
=588  \\$aDescription based on: Vol. 18, issue 2 (May 2001); title from v. and issue screen (viewed Dec. 5, 2003).
=588  \\$aLatest issue consulted: volume 31, number 1 (February 2014) (Oxford Journals, viewed February 6, 2014).
=650  \0$aSemantics$vPeriodicals.
=650  07$aSemantik.$2swd
=650  \7$aSemantics.$2fast
=655  \7$aPeriodicals.$2fast
=776  1\$tJournal of semantics$x0167-5133
=852  41$aBritish Library$bHMNTS$jELD Digital store$3Volume 31:Number 1(2014:Feb.)-***Previous issues available in print copy
=852  41$aBritish Library$bDSC$j5063.380000$3may-2001 VOL 18 PART 2-Volume 28:Issue 4(2011)***See ESTAR for full holdings.
=856  \\$31850-9999$uhttp://ukcatalogue.oup.com/$xBLDSS
=856  40$uhttp://jos.oxfordjournals.org/
=856  40$uhttp://www3.oup.co.uk/semant/
=859  \\$aELD$bejournal
=859  \\$aXLD$bejournal$cSFX
=945  \\$aJOURNAL OF SEMANTICS.
=959  \\$fCurrently available
=963  \\$aVOL. 1, 1982- *A=1$bN$cP760.C.636
=979  \\$aBritish Library$bDSC$j5063.380000
=985  \\$aCorrected by BSS-generated file for WR# 08/157
=985  \\$aCorrected by MS generated file for WR# 12.018
=A02  \\$a102219079
=ACF  \\$aPrevious copyright fee: GBP12.00$c29\0$e01-jan-2004$fGBP12.00$g0$hP$5Uk
=ACF  \\$aCurrent copyright fee: GBP8.00$c29\0$e01-apr-2002$fGBP8.00$g0$hP$5Uk
=ACF  \\$aCurrent copyright fee: GBP8.00$c0$e01-jul-2001$fGBP8.00$g0$hC$5Uk
=ACF  \\$aPrevious copyright fee: GBP13.00$c29\0$e01-jan-2006$fGBP13.00$g0$hP$5Uk
=ACF  \\$aPrevious copyright fee: GBP14.00$c29\0$e01-jan-2008$fGBP14.00$g0$hP$5Uk
=ACF  \\$aPrevious copyright fee: GBP20.00$c29\0$e01-jan-2013$fGBP20.00$g0$hP$5Uk
=ACF  \\$aPrevious copyright fee: GBP23.00$c29\0$e01-jan-2015$fGBP23.00$g0$hP$5Uk
=ACF  \\$aPrevious copyright fee: GBP24.00$c29\0$e01-jan-2016$fGBP24.00$g0$hP$5Uk
=ACF  \\$aPrevious copyright fee: GBP26.00$c29\0$e01-jan-2017$fGBP26.00$g0$hP$5Uk
=ACF  \\$aPrevious copyright fee: GBP27.00$c29\0$e01-jan-2018$fGBP27.00$g0$hP$5Uk
=ACF  \\$aPrevious copyright fee: GBP28.00$c29\0$e01-jan-2019$fGBP28.00$g0$hP$5Uk
=ACF  \\$aPrevious Copyright Fee: GBP20.00$c29\0$e01-jan-2020$fGBP20.00$g0$hP$5Uk
=CAT  \\$aCONV$b00$c20040425$lBLL90$h0713
=CAT  \\$aBLDSS-3PM$b00$c20141208$lBLL01$h1624
=CAT  \\$aIPL-CLA$c20141231$lBLL01$h1650
=CAT  \\$aBATCH-UPD$b00$c20151119$lBLL01$h1551
=CAT  \\$aIPL-CLA$c20151231$lBLL01$h1918
=CAT  \\$aBATCH-UPD$b00$c20160524$lBLL01$h2209
=CAT  \\$aBATCH-UPD$b00$c20160525$lBLL01$h0014
=CAT  \\$aBATCH-UPD$b00$c20161122$lBLL01$h1520
=CAT  \\$aIPL-CLA$c20161230$lBLL01$h2114
=CAT  \\$aBATCH-UPD$b00$c20171121$lBLL01$h1703
=CAT  \\$aW1711-1005$c20171206$lBLL01$h1815
=CAT  \\$aIPL-CLA$c20171231$lBLL01$h1623
=CAT  \\$aBATCH-UPD$b00$c20181217$lBLL01$h1651
=CAT  \\$aIPL-CLA$c20181231$lBLL01$h1540
=CAT  \\$aW1910-0530$c20191007$lBLL01$h1114
=CAT  \\$aR1911-1518$c20191206$lBLL01$h1419
=CAT  \\$aIPL-CLA$c20191231$lBLL01$h1922
=CAT  \\$aBATCH-UPD$b00$c20220308$lBLL01$h1734
=CAT  \\$aIPL-CLA$c20220331$lBLL01$h1951
=CAT  \\$a12654$b40$c20230223$lBLL01$h1033
=CAT  \\$a12654$b40$c20230223$lBLL01$h1034
=CAT  \\$aS2302-1302$c20230322$lBLL01$h1708
=CAT  \\$aS2302-1302$c20230323$lBLL01$h1444
=CAT  \\$aIPL-CLA$c20230331$lBLL01$h1546
=CAT  \\$aS2304-0519$c20230412$lBLL01$h1139
=CAT  \\$aBATCH-SUPP$c20230426$lBLL01$h1108
=CFI  0\$aCurrent Copyright Fee: GBP33.00$c29\0$e01-apr-2023$fGBP33.00$g0$hP$5Uk
=CFI  2\$aPrevious copyright fee: GBP22.00$c29\0$e01-apr-2022$fGBP22.00$g0$hP$5Uk
=EST  \\$a1
=FFP  \\$aY$bBLDSS-3PM
=FIN  \\$aY
=FMT  \\$a  SE
=LAS  \\$aBATCH-SUPP$b00$c20230426$lBLL01$h1108
=LEO  \\$aMP10.0000631427
=LEO  \\$aMP22.0000069195
=LET  \0$aJournal of semantics (Electronic)
=LKR  \\$aPAR$b010492148$lBLL01$r776$mJournal of semantics (Online)$nJournal of semantics (Print)
=MNI  \\$a0167-5133
=SID  \\$aZ39$bOCLC
=SRC  \\$aISN01$bbibmp22.200404.2.aa
=SRC  \\$aDSS01$bbibmp10.200404.2.aa
=TCO  \\$aNLD$bSTICHTING REPRORECHT$c008
=TCO  \\$aCLA$bCLA$c008
=TOC  \\$aETOC
=UNO  \\$aY

