=LDR  05649cas a2201297 a 4500
=001  012434158
=003  Uk
=005  20230426110819.0
=006  m\\\\\o\\d\\\\\\\\
=007  cr\mnu||||||||
=008  030310c19569999enkfr\pso\\\\\0\\\a0eng\c
=010  \\$a2007233917
=015  \\$aGBB414960$2bnb
=016  7\$a100967962$2dnlm
=019  c\$a102095057
=022  0\$a1477-8556$202
=030  \\$aJSSTF5
=035  \\$a(OCoLC)51822646$z(OCoLC)230745300$z(OCoLC)612339021$z(OCoLC)651907190$z(OCoLC)655923262$z(OCoLC)655928170$z(OCoLC)740986128
=037  \\$asemitj$bOxford University Press
=037  3\$aISSN_00224480$bPortico$nOxford University Press
=040  \\$aFWA$beng$cFWA$dOCLCQ$dOCL$dOCLCQ$dOCL$dGUA$dOCLCQ$dOCLCE$dUKMGB$dCSU$dAUD$dOCLCQ$dAGL$dUk
=042  \\$aissnuk$aukblsr
=050  14$aPJ3001
=070  0\$aPJ3001$b.J68
=082  04$a299.2$223
=130  0\$aJournal of Semitic studies (Online)
=210  0\$aJ. semit. stud.$b(Online)
=222  \0$aJournal of semitic studies$b(Online)
=245  10$aJournal of Semitic studies$h[electronic resource].
=260  \\$aManchester :$bUniversity of Manchester
=260  3\$aOxford :$bOxford University Press
=310  \\$aSemiannual
=336  \\$atext$2rdacontent
=337  \\$acomputer$2rdamedia
=338  \\$aonline resource$2rdacarrier
=362  1\$aPrint began in 1956.
=538  \\$aMode of access: World Wide Web.
=540  \\$aCurrent Copyright Fee: GBP42.00$c29\0$5Uk
=588  \\$aDescription based on: Vol. 47, issue 1 (spring 2002); title from contents screen (Oxford journals, viewed Nov. 12, 2007).
=588  \\$aLatest issue consulted: volume 58, issue 2 (autumn 2013) (viewed February 6, 2014).
=595  \\$aSEE ALSO SERIAL RECORDS BOD.
=650  \0$aSemitic philology$vPeriodicals.
=650  \0$aJews$vPeriodicals.
=776  08$iPrint version:$tJournal of Semitic studies$x0022-4480
=852  41$aBritish Library$bHMNTS$jELD Digital store$3Volume 59:Number 1(2014)-***Previous issues available in print copy
=852  41$aBritish Library$bDSC$j5063.500000$32002 VOL 47 PART 1-Volume 57:Issue 2(2012)***See ESTAR for full holdings.
=856  \\$31850-9999$uhttp://ukcatalogue.oup.com/$xBLDSS
=856  40$uhttp://jss.oxfordjournals.org/
=856  40$uhttp://www3.oup.co.uk/semitj/
=859  \\$aXLD$bejournal$cSFX
=859  \\$aELD$bejournal
=945  \\$aJOURNAL OF SEMITIC STUDIES.
=959  \\$fCurrently available
=963  \\$aVOL. 1, 1956- *A=1$bY$cP810.C.141
=979  \\$aBritish Library$bDSC$j5063.500000
=985  \\$aCorrected by BSS-generated file for WR# 08/157
=A02  \\$a102095057
=ACF  \\$aPrevious copyright fee: GBP12.00$c29\0$e01-jan-2004$fGBP12.00$g0$hP$5Uk
=ACF  \\$aCurrent copyright fee: GBP8.00$c29\0$e01-apr-2002$fGBP8.00$g0$hP$5Uk
=ACF  \\$aCurrent copyright fee: GBP8.00$c0$e01-jul-2000$fGBP8.00$g0$hC$5Uk
=ACF  \\$aPrevious copyright fee: GBP13.00$c29\0$e01-jan-2006$fGBP13.00$g0$hP$5Uk
=ACF  \\$aPrevious copyright fee: GBP14.00$c29\0$e01-jan-2008$fGBP14.00$g0$hP$5Uk
=ACF  \\$aPrevious copyright fee: GBP20.00$c29\0$e01-jan-2013$fGBP20.00$g0$hP$5Uk
=ACF  \\$aPrevious copyright fee: GBP23.00$c29\0$e01-jan-2015$fGBP23.00$g0$hP$5Uk
=ACF  \\$aPrevious copyright fee: GBP24.00$c29\0$e01-jan-2016$fGBP24.00$g0$hP$5Uk
=ACF  \\$aPrevious copyright fee: GBP26.00$c29\0$e01-jan-2017$fGBP26.00$g0$hP$5Uk
=ACF  \\$aPrevious copyright fee: GBP27.00$c29\0$e01-jan-2018$fGBP27.00$g0$hP$5Uk
=ACF  \\$aPrevious copyright fee: GBP28.00$c29\0$e01-jan-2019$fGBP28.00$g0$hP$5Uk
=ACF  \\$aPrevious Copyright Fee: GBP29.00$c29\0$e01-jan-2020$fGBP29.00$g0$hP$5Uk
=CAT  \\$aCONV$b00$c20040425$lBLL90$h0713
=CAT  \\$aBATCH-UPD$b00$c20141124$lBLL01$h1810
=CAT  \\$aBLDSS-3PM$b00$c20141208$lBLL01$h1624
=CAT  \\$aIPL-CLA$c20141231$lBLL01$h1650
=CAT  \\$aBATCH-UPD$b00$c20151119$lBLL01$h1551
=CAT  \\$aIPL-CLA$c20151231$lBLL01$h1918
=CAT  \\$aBATCH-UPD$b00$c20160524$lBLL01$h2209
=CAT  \\$aBATCH-UPD$b00$c20160525$lBLL01$h0014
=CAT  \\$aBATCH-UPD$b00$c20161122$lBLL01$h1520
=CAT  \\$aIPL-CLA$c20161230$lBLL01$h2114
=CAT  \\$aBATCH-UPD$b00$c20171121$lBLL01$h1703
=CAT  \\$aW1711-1005$c20171206$lBLL01$h1815
=CAT  \\$aIPL-CLA$c20171231$lBLL01$h1623
=CAT  \\$aBATCH-UPD$b00$c20181217$lBLL01$h1651
=CAT  \\$aIPL-CLA$c20181231$lBLL01$h1540
=CAT  \\$aW1910-0530$c20191007$lBLL01$h1114
=CAT  \\$aR1911-1518$c20191206$lBLL01$h1406
=CAT  \\$aIPL-CLA$c20191231$lBLL01$h1922
=CAT  \\$aBATCH-UPD$b00$c20220308$lBLL01$h1727
=CAT  \\$aIPL-CLA$c20220331$lBLL01$h1951
=CAT  \\$a12654$b40$c20230223$lBLL01$h1041
=CAT  \\$aS2302-1302$c20230322$lBLL01$h1708
=CAT  \\$aS2302-1302$c20230323$lBLL01$h1444
=CAT  \\$aIPL-CLA$c20230331$lBLL01$h1546
=CAT  \\$aS2304-0519$c20230412$lBLL01$h1139
=CAT  \\$aBATCH-SUPP$c20230426$lBLL01$h1108
=CFI  0\$aCurrent Copyright Fee: GBP42.00$c29\0$e01-apr-2023$fGBP42.00$g0$hP$5Uk
=CFI  2\$aPrevious copyright fee: GBP32.00$c29\0$e01-apr-2022$fGBP32.00$g0$hP$5Uk
=EST  \\$a1
=FFP  \\$aY$bBLDSS-3PM
=FIN  \\$aY$d20140206
=FMT  \\$a  SE
=LAS  \\$aBATCH-SUPP$b00$c20230426$lBLL01$h1108
=LEO  \\$aMP10.0000631428
=LET  \0$aJournal of semitic studies (Electronic)
=LKR  \\$aPAR$b009543075$lBLL01$r776$mJournal of semitic studies (Online)$nJournal of semitic studies
=MNI  \\$a0022-4480
=SID  \\$aZ39$bOCLC
=SRC  \\$aDSS01$bbibmp10.200404.2.aa
=TCO  \\$aCLA$bCLA$c008
=TOC  \\$aETOC
=UNO  \\$aY

