=LDR  06029cas a2201297 a 4500
=001  012434194
=003  Uk
=005  20230426110819.0
=006  m\\\\\o\\d\\\\\\\\
=007  cr\cn|||||||||
=008  020624c18999999enkfr\pso\\\\\0\\\a0eng\c
=010  \\$a2007233936
=015  \\$aGBB412376$2bnb
=019  c\$a102095229
=022  0\$a1477-4607$202
=035  \\$a(OCoLC)50047092$z(OCoLC)50168039$z(OCoLC)52170598$z(OCoLC)54904036
=037  \\$atheolj$bOxford University Press
=037  3\$aISSN_00225185$bPortico$nOxford University Press
=040  \\$aNKM$beng$cNKM$dOCLCQ$dOCL$dOCLCQ$dUV0$dGUA$dOCLCQ$dNUI$dAGL$dOCLCQ$dOCLCF$dUk
=042  \\$aukblsr$aissnuk
=050  14$aBR1
=070  0\$aBR1$b.J68
=082  00$a230.05$221
=130  0\$aJournal of theological studies (Online)
=222  \0$aJournal of theological studies$b(Online)
=245  14$aThe journal of theological studies$h[electronic resource].
=260  \\$aOxford :$bOxford University Press
=310  \\$aSemiannual
=336  \\$atext$2rdacontent
=337  \\$acomputer$2rdamedia
=338  \\$aonline resource$2rdacarrier
=362  1\$aPrint began in 1899.
=538  \\$aMode of access: World Wide Web.
=540  \\$aCurrent Copyright Fee: GBP42.00$c29\0$5Uk
=588  \\$aDescription based on: Vol. 47, no. 1 (Apr. 1996); title from journal information page (Oxford journals, viewed Nov. 12, 2007).
=588  \\$aLatest issue consulted: New series, volume 64, part 2 (October 2013) (viewed February 4, 2014).
=595  \\$aSEE ALSO SERIAL RECORDS KCS PT BOD AND SCE.
=650  \0$aTheology$vPeriodicals.
=650  \7$aTheology.$2fast
=655  \7$aPeriodicals.$2fast
=776  08$iPrint version:$tJournal of theological studies$x0022-5185
=852  41$aBritish Library$bHMNTS$jELD Digital store$3Volume 65:Part 1(2014:Apr.)-***Previous issues available in print copy
=852  41$aBritish Library$bDSC$j5069.070000$3apr-2002 VOL 53 PART 1-Volume 62:Issue 2(2011)***See ESTAR for full holdings.
=856  \\$31850-9999$uhttp://ukcatalogue.oup.com/$xBLDSS
=856  4\$uhttp://firstsearch.oclc.org$zAddress for accessing the journal using authorization number and password through OCLC FirstSearch Electronic Collections Online
=856  4\$uhttp://firstsearch.oclc.org/journal=0022-5185;screen=info;ECOIP$zAddress for accessing the journal from an authorized IP address through OCLC FirstSearch Electronic Collections Online
=856  40$uhttp://jts.oxfordjournals.org/archive/
=856  40$3Full text coverage: Vol. 53, issue 1 (Apr. 2002)-$uhttp://www.ingenta.com/journals/browse/oup/theolj?mode=direct$zAvailable via Ingenta
=859  \\$aELD$bejournal
=859  \\$aXLD$bejournal$cSFX
=945  \\$aJOURNAL OF THEOLOGICAL STUDIES -OXFORD-.
=959  \\$fCurrently available
=963  \\$a1900- *A=1$bY$cP43.C.21
=985  \\$aCorrected by BSS-generated file for WR# 08/157
=A02  \\$a102095229
=ACF  \\$aPrevious copyright fee: GBP12.00$c29\0$e01-jan-2004$fGBP12.00$g0$hP$5Uk
=ACF  \\$aCurrent copyright fee: GBP8.00$c29\0$e01-apr-2002$fGBP8.00$g0$hP$5Uk
=ACF  \\$aCurrent copyright fee: GBP10.00$c0$e01-jul-2000$fGBP10.00$g0$hC$5Uk
=ACF  \\$aPrevious copyright fee: GBP13.00$c29\0$e01-jan-2006$fGBP13.00$g0$hP$5Uk
=ACF  \\$aPrevious copyright fee: GBP14.00$c29\0$e01-jan-2008$fGBP14.00$g0$hP$5Uk
=ACF  \\$aPrevious copyright fee: GBP20.00$c29\0$e01-jan-2013$fGBP20.00$g0$hP$5Uk
=ACF  \\$aPrevious copyright fee: GBP23.00$c29\0$e01-jan-2015$fGBP23.00$g0$hP$5Uk
=ACF  \\$aPrevious copyright fee: GBP24.00$c29\0$e01-jan-2016$fGBP24.00$g0$hP$5Uk
=ACF  \\$aPrevious copyright fee: GBP26.00$c29\0$e01-jan-2017$fGBP26.00$g0$hP$5Uk
=ACF  \\$aPrevious copyright fee: GBP27.00$c29\0$e01-jan-2018$fGBP27.00$g0$hP$5Uk
=ACF  \\$aPrevious copyright fee: GBP28.00$c29\0$e01-jan-2019$fGBP28.00$g0$hP$5Uk
=ACF  \\$aPrevious Copyright Fee: GBP29.00$c29\0$e01-jan-2020$fGBP29.00$g0$hP$5Uk
=CAT  \\$aCONV$b00$c20040425$lBLL90$h0713
=CAT  \\$aBATCH-UPD$b00$c20141124$lBLL01$h1810
=CAT  \\$aBLDSS-3PM$b00$c20141208$lBLL01$h1624
=CAT  \\$aIPL-CLA$c20141231$lBLL01$h1650
=CAT  \\$aBATCH-UPD$b00$c20151119$lBLL01$h1551
=CAT  \\$aIPL-CLA$c20151231$lBLL01$h1918
=CAT  \\$aBATCH-UPD$b00$c20160524$lBLL01$h2209
=CAT  \\$aBATCH-UPD$b00$c20160525$lBLL01$h0014
=CAT  \\$aBATCH-UPD$b00$c20161122$lBLL01$h1520
=CAT  \\$aIPL-CLA$c20161230$lBLL01$h2114
=CAT  \\$aBATCH-UPD$b00$c20171121$lBLL01$h1703
=CAT  \\$aW1711-1005$c20171206$lBLL01$h1815
=CAT  \\$aIPL-CLA$c20171231$lBLL01$h1623
=CAT  \\$aBATCH-UPD$b00$c20181217$lBLL01$h1651
=CAT  \\$aIPL-CLA$c20181231$lBLL01$h1540
=CAT  \\$aW1910-0530$c20191007$lBLL01$h1114
=CAT  \\$aR1911-1518$c20191206$lBLL01$h1406
=CAT  \\$aIPL-CLA$c20191231$lBLL01$h1922
=CAT  \\$aBATCH-UPD$b00$c20220308$lBLL01$h1727
=CAT  \\$aIPL-CLA$c20220331$lBLL01$h1951
=CAT  \\$a12654$b40$c20230223$lBLL01$h1116
=CAT  \\$aS2302-1302$c20230322$lBLL01$h1708
=CAT  \\$aS2302-1302$c20230323$lBLL01$h1444
=CAT  \\$aIPL-CLA$c20230331$lBLL01$h1546
=CAT  \\$aS2304-0519$c20230412$lBLL01$h1139
=CAT  \\$aBATCH-SUPP$c20230426$lBLL01$h1108
=CFI  0\$aCurrent Copyright Fee: GBP42.00$c29\0$e01-apr-2023$fGBP42.00$g0$hP$5Uk
=CFI  2\$aPrevious copyright fee: GBP32.00$c29\0$e01-apr-2022$fGBP32.00$g0$hP$5Uk
=EST  \\$a1
=FFP  \\$aY$bBLDSS-3PM
=FIN  \\$aY
=FMT  \\$a  SE
=LAS  \\$aBATCH-SUPP$b00$c20230426$lBLL01$h1108
=LEO  \\$aMP22.0000069196
=LEO  \\$aMP10.0000631464
=LET  \0$aJournal of theological studies (Online)
=LKR  \\$aPAR$b010492513$lBLL01$nJournal of theological studies (Print)$mJournal of theological studies (Online)$r776
=MNI  \\$a0022-5185
=SID  \\$aZ39$bOCLC
=SRC  \\$aISN01$bbibmp22.200404.2.aa
=SRC  \\$aDSS01$bbibmp10.200404.2.aa
=TCO  \\$aCLA$bCLA$c008
=TOC  \\$aETOC
=UNO  \\$aY

