=LDR  06551cas a2201405 a 4500
=001  012434206
=003  Uk
=005  20230426110819.0
=006  m\\\\\o\\d\\\\\\\\
=007  cr\mnu||||||||
=008  990730c19809999enkbx\pso\\\\\0\\\a0eng\c
=010  \\$a2008233496
=015  \\$aGBB412360$2bnb
=016  \\$a012434206
=019  c\$a102095270
=022  0\$a1465-3664$202
=035  \\$a(OCoLC)41982972
=037  \\$atropej$bOxford University Press
=037  3\$aISSN_01426338$bPortico$nOxford University Press
=040  \\$aOUN$beng$cOUN$dEYM$dOCL$dOCLCQ$dUV0$dUQ1$dGUA$dOCLCQ$dUKMGB$dOCLCQ$dOCLCO$dOCLCQ$dOCLCF$dUk
=042  \\$aissnuk$aukblsr
=050  \4$aRJ1
=082  04$a618.929883$223
=130  0\$aJournal of tropical pediatrics (Online)
=210  0\$aJ. trop. pediatr.$b(Online)
=222  \0$aJournal of tropical pediatrics$b(Online)
=245  10$aJournal of tropical pediatrics$h[electronic resource].
=246  30$aJournal of tropical pediatrics - online services
=260  \\$aOxford :$bOxford University Press
=310  \\$aSix no. a year
=336  \\$atext$2rdacontent
=337  \\$acomputer$2rdamedia
=338  \\$aonline resource$2rdacarrier
=362  1\$aPrint began in 1980.
=525  \\$aHas occasional supplement.
=530  \\$aAlso issued in print.
=538  \\$aMode of access: World Wide Web.
=540  \\$aCurrent Copyright Fee: GBP42.00$c29\0$5Uk
=550  \\$aPublished under the auspices of the School of Public Health, University of California and the Institute of Child Health, University of London.
=588  \\$aDescription based on: Vol. 42, no. 1 (Feb. 1996); title from contents screen (OxfordJournals, viewed Apr. 1, 2008).
=588  \\$aLatest issue consulted: volume 60, number 1 (February 2014) (Oxford Journals website, viewed Feruary 4, 2014).
=650  \0$aPediatrics$vPeriodicals.
=650  \0$aTropical medicine$vPeriodicals.
=650  \2$aPediatrics$vPeriodicals.
=650  \2$aTropical Medicine$vPeriodicals.
=650  \2$aEnvironmental Health$vPeriodicals.
=650  22$aInfant.
=650  22$aChild.
=710  2\$aUniversity of California, Los Angeles.$bSchool of Public Health.
=710  2\$aBritish Postgraduate Medical Federation.$bTropical Child Health Unit.
=776  08$iAlso issued in print as:$tJournal of tropical pediatrics (London, England : 1980)$x0142-6338
=780  00$tJournal of tropical pediatrics and environmental child health (Online)
=852  41$aBritish Library$bHMNTS$jELD Digital store$3Volume 60:Number 1(2014:Feb.)-***Previous issues available in print copy
=852  41$aBritish Library$bDSC$j5071.090000$3feb-2000 VOL 46 PART 1-Volume 57:Issue 6(2011)***See ESTAR for full holdings.
=856  \\$31850-9999$uhttp://ukcatalogue.oup.com/$xBLDSS
=856  4\$uhttp://firstsearch.oclc.org$zAddress for accessing the journal using authorization number and password through OCLC FirstSearch Electronic Collections Online
=856  4\$uhttp://firstsearch.oclc.org/journal=0142-6338;screen=info;ECOIP$zAddress for accessing the journal from an authorized IP address through OCLC FirstSearch Electronic Collections Online
=856  40$uhttp://tropej.oupjournals.org/
=856  40$uhttp://www3.oup.co.uk/tropej/
=859  \\$aELD$bejournal
=859  \\$aXLD$bejournal$cSFX
=945  \\$aJournal of tropical pediatrics
=959  \\$fCurrently available
=979  \\$aBritish Library$bDSC$j5071.090000
=985  \\$aCONFERENCE ANALYTIC &RECORDS EXIST
=A02  \\$a102095270
=ACF  \\$aPrevious copyright fee: GBP12.00$c29\0$e01-jan-2004$fGBP12.00$g0$hP$5Uk
=ACF  \\$aCurrent copyright fee: GBP8.00$c29\0$e01-apr-2002$fGBP8.00$g0$hP$5Uk
=ACF  \\$aCurrent copyright fee: GBP10.00$c0$e01-jul-2001$fGBP10.00$g0$hC$5Uk
=ACF  \\$aPrevious Copyright Fee: GBP13.00$c29\0$e01-jan-2006$fGBP13.00$g0$hP$5Uk
=ACF  \\$aPrevious copyright fee: GBP14.00$c29\0$e01-jan-2008$fGBP14.00$g0$hP$5Uk
=ACF  \\$aPrevious copyright fee: GBP20.00$c29\0$e01-jan-2013$fGBP20.00$g0$hP$5Uk
=ACF  \\$aPrevious copyright fee: GBP23.00$c29\0$e01-jan-2015$fGBP23.00$g0$hP$5Uk
=ACF  \\$aPrevious copyright fee: GBP24.00$c29\0$e01-jan-2016$fGBP24.00$g0$hP$5Uk
=ACF  \\$aPrevious copyright fee: GBP26.00$c29\0$e01-jan-2017$fGBP26.00$g0$hP$5Uk
=ACF  \\$aPrevious copyright fee: GBP27.00$c29\0$e01-jan-2018$fGBP27.00$g0$hP$5Uk
=ACF  \\$aPrevious copyright fee: GBP28.00$c29\0$e01-jan-2019$fGBP28.00$g0$hP$5Uk
=ACF  \\$aPrevious Copyright Fee: GBP29.00$c29\0$e01-jan-2020$fGBP29.00$g0$hP$5Uk
=CAT  \\$aCONV$b00$c20040425$lBLL90$h0713
=CAT  \\$a10997$b40$c20150112$lBLL01$h1442
=CAT  \\$aBATCH-UPD$b40$c20151119$lBLL01$h1551
=CAT  \\$aIPL-CLA$c20151231$lBLL01$h1918
=CAT  \\$aBATCH-UPD$b00$c20160524$lBLL01$h2209
=CAT  \\$aBATCH-UPD$b00$c20160525$lBLL01$h0014
=CAT  \\$aBATCH-016$c20160608$lBLL01$h1429
=CAT  \\$aBATCH-UPD$b00$c20161122$lBLL01$h1520
=CAT  \\$aIPL-CLA$c20161230$lBLL01$h2114
=CAT  \\$aBATCH-UPD$b00$c20171121$lBLL01$h1703
=CAT  \\$aW1711-1005$c20171206$lBLL01$h1816
=CAT  \\$aIPL-CLA$c20171231$lBLL01$h1623
=CAT  \\$aBATCH-UPD$b00$c20181217$lBLL01$h1651
=CAT  \\$aIPL-CLA$c20181231$lBLL01$h1540
=CAT  \\$aW1910-0530$c20191007$lBLL01$h1114
=CAT  \\$aR1911-1518$c20191206$lBLL01$h1405
=CAT  \\$aIPL-CLA$c20191231$lBLL01$h1922
=CAT  \\$aBATCH-UPD$b00$c20220308$lBLL01$h1727
=CAT  \\$aIPL-CLA$c20220331$lBLL01$h1951
=CAT  \\$a12654$b40$c20230223$lBLL01$h1315
=CAT  \\$a12654$b40$c20230223$lBLL01$h1319
=CAT  \\$aS2302-1302$c20230322$lBLL01$h1708
=CAT  \\$aS2302-1302$c20230323$lBLL01$h1444
=CAT  \\$aIPL-CLA$c20230331$lBLL01$h1546
=CAT  \\$aS2304-0519$c20230412$lBLL01$h1139
=CAT  \\$aBATCH-SUPP$c20230426$lBLL01$h1108
=CFI  0\$aCurrent Copyright Fee: GBP42.00$c29\0$e01-apr-2023$fGBP42.00$g0$hP$5Uk
=CFI  2\$aPrevious copyright fee: GBP32.00$c29\0$e01-apr-2022$fGBP32.00$g0$hP$5Uk
=EST  \\$a1
=FFP  \\$aY$bBLDSS-3PM
=FIN  \\$aY
=FMT  \\$a  SE
=LAS  \\$aBATCH-SUPP$b00$c20230426$lBLL01$h1108
=LEO  \\$aMP10.0000631476
=LET  \0$aJournal of tropical pediatrics (Online)
=LKR  \\$aPAR$b009546238$lBLL01$r776$mJournal of tropical pediatrics (Online)$nJournal of tropical pediatrics (1980) (Print).
=MNI  \\$a0142-6338
=SID  \\$aZ39$bOCLC
=SRC  \\$aDSS01$bbibmp10.200404.2.aa
=TCO  \\$aCLA$bCLA$c008
=TOC  \\$aETOC
=UNO  \\$aY

