=LDR  06263cas a2201429 a 4500
=001  012434268
=003  Uk
=005  20230426110819.0
=006  m\\\\\o\\d\\\\\\\\
=007  cr\|||||||||||
=008  020906c20029999enkqr\p\o\\\\\0\\\a0eng\c
=010  \\$a2003252201
=015  \\$aGBB407639$2bnb
=016  \\$a012434268
=019  c\$a102615152
=022  0\$a1470-840X$202
=035  \\$a(OCoLC)50556825
=037  \\$alawprj$bOxford University Press
=037  3\$aISSN_14708396$bPortico$nOxford University Press
=040  \\$aVWM$beng$cVWM$dWAU$dDLC$dOCLCQ$dOCL$dBUF$dUQ1$dOCLCQ$dUKMGB$dOCLCQ$dCLU$dAGL$dOCLCF$dUk
=042  \\$aukblsr$aissnuk
=050  14$aK12
=070  0\$aK579.C34$bA15
=082  04$a340.1$221
=130  0\$aLaw, probability & risk (Online)
=222  \0$aLaw, probability and risk$b(Online)
=245  10$aLaw, probability & risk$h[electronic resource].
=246  3\$aLaw, probability and risk
=246  1\$aLaw, prob. & risk
=260  \\$aOxford :$bOxford University Press
=310  \\$aQuarterly,$b2003-
=321  \\$aSemiannual,$b2002
=336  \\$atext$2rdacontent
=337  \\$acomputer$2rdamedia
=338  \\$aonline resource$2rdacarrier
=362  1\$aBegan with v. 1, no. 1 (July 2002).
=515  \\$aSome issues combined.
=540  \\$aCurrent Copyright Fee: GBP42.00$c29\0$5Uk
=588  \\$aDescription based on: Vol. 1, no. 1 (July 2002); title from journal home page (HeinOnline, viewed on Dec. 13, 2012).
=588  \\$aLatest issue consulted: volume 12, numbers 3/4 (September/December 2013) (Oxford Journals website, viewed January 20, 2014).
=595  \\$aSee also card index.
=650  \0$aProximate cause (Law)$vPeriodicals.
=650  \0$aRisk$vPeriodicals.
=650  \0$aLaw$xMathematical models$vPeriodicals.
=650  \0$aLaw$xMethodology$vPeriodicals.
=650  \0$aProbabilities$vPeriodicals.
=650  \0$aRisk assessment$vPeriodicals.
=650  \7$aLaw$xMathematical models.$2fast
=650  \7$aLaw$xMethodology.$2fast
=650  \7$aProbabilities.$2fast
=650  \7$aProximate cause (Law)$2fast
=650  \7$aRisk.$2fast
=650  \7$aRisk assessment.$2fast
=655  \7$aPeriodicals.$2fast
=776  08$iAlso issued in print as:$tLaw, probability & risk$x1470-8396
=852  41$aBritish Library$bHMNTS$jELD Digital store$3Volume 13:Number 1(2014)-***Previous issues available in print copy
=852  41$aBritish Library$bDSC$j5161.408900$32002 VOL 1 NUMB 1-Volume 10:Issue 4(2011)***See ESTAR for full holdings.
=856  \\$31850-9999$uhttp://ukcatalogue.oup.com/$xBLDSS
=856  4\$uhttp://firstsearch.oclc.org$zAddress for accessing the journal using authorization number and password through OCLC FirstSearch Electronic Collections Online
=856  4\$uhttp://firstsearch.oclc.org/journal=1470-8396;screen=info;ECOIP$zAddress for accessing the journal from an authorized IP address through OCLC FirstSearch Electronic Collections Online
=856  40$uhttp://heinonline.org/HOL/Index?index=journals/lawprisk&collection=journals
=856  40$uhttp://lpr.oxfordjournals.org/
=859  \\$aELD$bejournal
=859  \\$aXLD$bejournal$cSFX
=945  \\$aLaw probability and risk
=959  \\$fCurrently available
=A02  \\$a102615152
=ACF  \\$aPrevious copyright fee: GBP15.00$c29\0$e01-jan-2004$fGBP15.00$g0$hP$5Uk
=ACF  \\$aCurrent copyright fee: GBP10.00$c29\0$e27-jun-2002$fGBP10.00$g0$hP$5Uk
=ACF  \\$aPrevious Copyright Fee: GBP16.00$c29\0$e01-jan-2006$fGBP16.00$g0$hP$5Uk
=ACF  \\$aPrevious copyright fee: GBP18.00$c29\0$e01-jan-2008$fGBP18.00$g0$hP$5Uk
=ACF  \\$aPrevious copyright fee: GBP20.00$c29\0$e01-jan-2013$fGBP20.00$g0$hP$5Uk
=ACF  \\$aPrevious copyright fee: GBP23.00$c29\0$e01-jan-2015$fGBP23.00$g0$hP$5Uk
=ACF  \\$aPrevious copyright fee: GBP24.00$c29\0$e01-jan-2016$fGBP24.00$g0$hP$5Uk
=ACF  \\$aPrevious copyright fee: GBP26.00$c29\0$e01-jan-2017$fGBP26.00$g0$hP$5Uk
=ACF  \\$aPrevious copyright fee: GBP27.00$c29\0$e01-jan-2018$fGBP27.00$g0$hP$5Uk
=ACF  \\$aPrevious copyright fee: GBP28.00$c29\0$e01-jan-2019$fGBP28.00$g0$hP$5Uk
=ACF  \\$aPrevious Copyright Fee: GBP29.00$c29\0$e01-jan-2020$fGBP29.00$g0$hP$5Uk
=CAT  \\$aCONV$b00$c20040425$lBLL90$h0713
=CAT  \\$aBLDSS-3PM$b00$c20141208$lBLL01$h1624
=CAT  \\$aIPL-CLA$c20141231$lBLL01$h1650
=CAT  \\$aBATCH-UPD$b00$c20151119$lBLL01$h1551
=CAT  \\$aIPL-CLA$c20151231$lBLL01$h1918
=CAT  \\$aBATCH-UPD$b00$c20160524$lBLL01$h2209
=CAT  \\$aBATCH-UPD$b00$c20160525$lBLL01$h0014
=CAT  \\$aBATCH-016$c20160608$lBLL01$h1429
=CAT  \\$aBATCH-UPD$b00$c20161122$lBLL01$h1520
=CAT  \\$aIPL-CLA$c20161230$lBLL01$h2114
=CAT  \\$aBATCH-UPD$b00$c20171121$lBLL01$h1703
=CAT  \\$aW1711-1005$c20171206$lBLL01$h1816
=CAT  \\$aIPL-CLA$c20171231$lBLL01$h1623
=CAT  \\$aBATCH-UPD$b00$c20181217$lBLL01$h1651
=CAT  \\$aIPL-CLA$c20181231$lBLL01$h1540
=CAT  \\$aW1910-0530$c20191007$lBLL01$h1114
=CAT  \\$aR1911-1518$c20191206$lBLL01$h1405
=CAT  \\$aIPL-CLA$c20191231$lBLL01$h1922
=CAT  \\$aBATCH-UPD$b00$c20220308$lBLL01$h1727
=CAT  \\$aIPL-CLA$c20220331$lBLL01$h1951
=CAT  \\$a12654$b40$c20230223$lBLL01$h1421
=CAT  \\$aS2302-1302$c20230322$lBLL01$h1708
=CAT  \\$aS2302-1302$c20230323$lBLL01$h1443
=CAT  \\$aIPL-CLA$c20230331$lBLL01$h1546
=CAT  \\$aS2304-0519$c20230412$lBLL01$h1139
=CAT  \\$aBATCH-SUPP$c20230426$lBLL01$h1108
=CFI  0\$aCurrent Copyright Fee: GBP42.00$c29\0$e01-apr-2023$fGBP42.00$g0$hP$5Uk
=CFI  2\$aPrevious copyright fee: GBP32.00$c29\0$e01-apr-2022$fGBP32.00$g0$hP$5Uk
=EST  \\$a1
=FFP  \\$aY$bBLDSS-3PM
=FIN  \\$aY
=FMT  \\$a  SE
=LAS  \\$aBATCH-SUPP$b00$c20230426$lBLL01$h1108
=LEO  \\$aMP22.0000064396
=LEO  \\$aMP10.0000631538
=LET  \0$aLaw, probability and risk (Online)
=LKR  \\$aPAR$b011120428$lBLL01$nLaw, probability and risk (Print)$mLaw, probability and risk (Online)$r776
=MNI  \\$a1470-8396
=SID  \\$aZ39$bOCLC
=SRC  \\$aISN01$bbibmp22.200404.2.aa
=SRC  \\$aDSS01$bbibmp10.200404.2.aa
=TCO  \\$aCLA$bCLA$c008
=TOC  \\$aETOC
=UNO  \\$aY

