=LDR  05458cas a2201213 a 4500
=001  012434281
=003  Uk
=005  20230707093327.0
=006  m\\\\\o\\d\\\\\\\\
=007  cr\mnu||||||||
=008  040410c19859999enkmr\pso\\\\\0\\\a0eng\\
=015  \\$aGBB349119$2bnb
=019  c\$a102286291
=022  0\$a1472-765X$l0266-8254$y1365-2672$y0266-8254$202
=037  \\$aISSN_02668254$bPortico$nWiley
=037  3\$aISSN_02668254_4$bPortico$nOxford University Press
=040  \\$aUk$beng$cUk$dUk
=042  \\$aukblsr$aissnuk
=082  04$a660.62$222
=130  0\$aLetters in applied microbiology (Online)
=210  0\$aLett. appl. microbiol.$b(Online)
=222  \0$aLetters in applied microbiology$b(Online)
=245  10$aLetters in applied microbiology$h[electronic resource].
=260  \\$aOxford, UK :$bSociety for Applied Bacteriology by Blackwell Scientific Publications,$c[1985]-
=264  21$a[Oxford] :$bWiley
=264  31$32023-$a[Oxford] :$bOxford University Press
=310  \\$aMonthly
=336  \\$atext$2rdacontent
=337  \\$acomputer$2rdamedia
=338  \\$aonline resource$2rdacarrier
=362  1\$aPrint began with vol. 1, no. 1, published in Jan. 1985.
=538  \\$aMode of access: World Wide Web.
=540  \\$aCurrent Copyright Fee: GBP40.00$c29\0$5Uk
=550  \\$aIssued by: Society for Applied Bacteriology, 1985-Nov. 1997; Society for Applied Microbiology, Dec. 1997-.
=588  \\$aLatest issue consulted: volume 76, issue 7 (June 2023) (Oxford Academic, viewed June 14, 2023).
=650  \0$aMicrobiology$vPeriodicals.
=710  2\$aSociety for Applied Bacteriology.
=710  2\$aSociety for Applied Microbiology.
=710  2\$aApplied Microbiology International (Society),$eissuing body.
=776  08$iPrint version -2022:$tLetters in applied microbiology$x0266-8254
=852  41$aBritish Library$bSTI$jELD Digital store$3Volume 56:Number 1(2013:Jan.)-***Previous issues available in print copy
=852  41$aBritish Library$bDSC$j5185.126700$31998 VOL 26 PART 4-Volume 59:Issue 6(2014)***See ESTAR for full holdings.
=856  \\$31850-9999$uhttp://onlinelibrary.wiley.com/$xBLDSS
=856  40$uhttp://onlinelibrary.wiley.com/journal/10.1111/(ISSN)1472-765X
=856  40$uhttps://academic.oup.com/lambio
=859  \\$aXLD$bejournal$cSFX
=859  \\$aELD$bejournal
=945  \\$aLetters in applied microbiology
=959  \\$fHeld but not currently received
=959  \\$fCurrently available
=979  \\$aBritish Library$bDSC$j5185.126700
=985  \\$aCorrected by MS generated file for WR# 12.018
=985  \\$aISSN responsibility transferred to U.S. ISSN Center from ISSN UK Centre, Wiley, Multinational Publisher List, Summer 2017.
=985  \\$aISSN UK Centre: coded for UK responsibility following transfer to OUP in 2023. Portal record showing UK despite transfer to US in 2017. Asking US Center to close print record (14/6/23 DLW).
=A02  \\$a102286291
=ACF  \\$aCurrent copyright fee: GBP13.00$c10\0$e01-apr-2003$fGBP13.00$g0$hP$5Uk
=ACF  \\$aCurrent copyright fee: GBP13.00$c10\4$e01-jan-2002$fGBP13.00$g0$hP$5Uk
=ACF  \\$aPrevious copyright fee: GBP15.00$c10\0$e01-apr-2004$fGBP15.00$g0$hP$5Uk
=ACF  \\$aPrevious Copyright Fee: GBP22.00$c10\0$e01-jan-2006$fGBP22.00$g0$hP$5Uk
=ACF  \\$aPrevious copyright fee: GBP24.00$c10\0$e01-mar-2015$fGBP24.00$g0$hP$5Uk
=ACF  \\$aPrevious copyright fee: GBP24.00$c35\0$e07-mar-2017$fGBP24.00$g0$hP$5Uk
=ACF  \\$aPrevious copyright fee: GBP28.00$c35\0$e01-jan-2019$fGBP28.00$g0$hP$5Uk
=CAT  \\$aCONV$b00$c20040425$lBLL90$h0713
=CAT  \\$aCDS15-UPD$b40$c20150918$lBLL01$h1639
=CAT  \\$aBATCH-UPD$b40$c20160527$lBLL01$h1436
=CAT  \\$aW1703-0316$c20170306$lBLL01$h1823
=CAT  \\$aW1703-0316$c20170307$lBLL01$h1647
=CAT  \\$aIPL-CLA$c20170307$lBLL01$h1824
=CAT  \\$aISSN$b40$c20170314$lBLL01$h1704
=CAT  \\$aW1711-1005$c20171206$lBLL01$h1816
=CAT  \\$a11205$b40$c20180208$lBLL01$h1536
=CAT  \\$aBATCH-UPD$b40$c20180219$lBLL01$h1745
=CAT  \\$aBATCH-UPD$b40$c20181121$lBLL01$h1621
=CAT  \\$aIPL-CLA$c20181231$lBLL01$h1540
=CAT  \\$aR1911-0245$c20191127$lBLL01$h0945
=CAT  \\$aR1911-0245$c20191127$lBLL01$h1045
=CAT  \\$aIPL-CLA$c20191231$lBLL01$h1922
=CAT  \\$a15190$b40$c20230119$lBLL01$h1117
=CAT  \\$a14586$b40$c20230125$lBLL01$h1630
=CAT  \\$aS2302-1302$c20230323$lBLL01$h1444
=CAT  \\$aIPL-CLA$c20230331$lBLL01$h1546
=CAT  \\$aS2304-0519$c20230412$lBLL01$h1139
=CAT  \\$aBATCH-SUPP$c20230426$lBLL01$h1108
=CAT  \\$a10973$b40$c20230614$lBLL01$h1329
=CAT  \\$a10973$b40$c20230615$lBLL01$h1032
=CAT  \\$a10973$b40$c20230619$lBLL01$h1421
=CAT  \\$a12654$b40$c20230706$lBLL01$h1120
=CAT  \\$a8871$b40$c20230707$lBLL01$h0933
=CFI  0\$aCurrent Copyright Fee: GBP40.00$c29\0$e01-apr-2023$fGBP40.00$g0$hP$5Uk
=CFI  2\$aPrevious Copyright Fee: GBP39.00$c35\0$e01-jan-2020$fGBP39.00$g0$hP$5Uk
=EST  \\$a1
=FFP  \\$aY$bBLDSS-3PM
=FIN  \\$aY
=FMT  \\$a  SE
=LAS  \\$a8871$b40$c20230707$lBLL01$h0933
=LEO  \\$aMP10.0000631551
=LEO  \\$aMP22.0000065810
=LET  \0$aLetters in applied microbiology (Electronic)
=MNI  \\$a0266-8254
=SRC  \\$aISN01$bbibmp22.200404.2.aa
=SRC  \\$aDSS01$bbibmp10.200404.2.aa
=TCO  \\$aCLA$bCLA$c008
=TOC  \\$aETOC
=UNO  \\$aY

