=LDR  06403cas a2201405 a 4500
=001  012434300
=003  Uk
=005  20230426110819.0
=006  m\\\\\o\\d\\\\\\\\
=007  cr\cnu||||||||
=008  020626c19879999enkqr\pso\\\\\0\\\a0eng\c
=010  \\$a2002256062
=015  \\$aGBB407677$2bnb
=016  \\$a012434300
=019  c\$a102333914
=022  0\$a1477-4623$202
=035  \\$a(OCoLC)50065227
=037  \\$alitthe$bOxford University Press
=037  3\$aISSN_02691205$bPortico$nOxford University Press
=040  \\$aRBN$beng$cRBN$dWAU$dOCLCQ$dOCL$dOCLCQ$dVRC$dOCLCQ$dUKMGB$dOCLCQ$dAGL$dOCLCQ$dOCLCF$dUk
=042  \\$aukblsr$aissnuk
=050  14$aPN49
=070  0\$aPN49$b.L49966
=082  04$a809.9338205$223
=130  0\$aLiterature & theology (Online)
=210  00$aLit. theol.$b(Online)
=222  \0$aLiterature and theology$b(Online)
=245  10$aLiterature and theology$h[electronic resource].
=246  1\$iSubtitle added:$aLiterature and theology :$ban international journal of religion, theory and culture,$f<2009>-
=260  \\$aOxford :$bOxford University Press
=310  \\$aQuarterly
=336  \\$atext$2rdacontent
=337  \\$acomputer$2rdamedia
=338  \\$aonline resource$2rdacarrier
=362  1\$aPrint began with vol. 1, no. 1 (Mar. 1987).
=530  \\$aAlso issued in print.
=538  \\$aMode of access: World Wide Web.
=540  \\$aCurrent Copyright Fee: GBP42.00$c29\0$5Uk
=550  \\$aSponsored by the International Society for Religion, Literature and Culture.
=580  \\$aPrint continues: National Conference on Literature and Religion newsletter.
=588  \\$aDescription based on: Vol. 16, issue 1 (Mar. 2002); title from table of contents screen (viewed June 26, 2002).
=588  \\$aLatest issue consulted: volume 27, number 4 (December 2013) (Oxford Journals website, viewed January 20, 2014).
=650  \0$aReligion and literature$vPeriodicals.
=650  \7$aReligion and literature.$2fast
=655  \7$aPeriodicals.$2fast
=710  2\$aInternational Society for Religion, Literature, and Culture.
=776  1\$tLiterature & theology$x0269-1205
=852  41$aBritish Library$bHMNTS$jELD Digital store$3Volume 28:Number 1(2014:Mar.)-***Previous issues available in print copy
=852  41$aBritish Library$bDSC$j5276.716000$3mar-2002 VOL 16 PART 1-Volume 36:Issue 2(2022)***See ESTAR for full holdings.
=856  \\$31850-9999$uhttp://ukcatalogue.oup.com/$xBLDSS
=856  4\$uhttp://firstsearch.oclc.org$zAddress for accessing the journal using authorization number and password through OCLC FirstSearch Electronic Collections Online
=856  4\$uhttp://firstsearch.oclc.org/journal=0269-1205;screen=info;ECOIP$zAddress for accessing the journal from an authorized IP address through OCLC FirstSearch Electronic Collections Online
=856  40$uhttp://litthe.oxfordjournals.org/
=856  40$uhttp://www3.oup.co.uk/litthe/
=859  \\$aELD$bejournal
=859  \\$aXLD$bejournal$cSFX
=945  \\$aLITERATURE AND THEOLOGY.
=959  \\$fCurrently available
=959  \\$aBritish Library$bDSC$a5276.716000
=963  \\$aVOL. 1, 1987- *A=1$bY$cP1.C.165
=979  \\$aBritish Library$bDSC$j5276.716000
=985  \\$aCorrected by BSS-generated file for WR# 08/157
=A02  \\$a102333914
=ACF  \\$aPrevious copyright fee: GBP12.00$c29\0$e01-jan-2004$fGBP12.00$g0$hP$5Uk
=ACF  \\$aCurrent copyright fee: GBP8.00$c29\0$e01-apr-2002$fGBP8.00$g0$hP$5Uk
=ACF  \\$aCurrent copyright fee: GBP8.00$c0$e01-jul-2000$fGBP8.00$g0$hC$5Uk
=ACF  \\$aPrevious copyright fee: GBP13.00$c29\0$e01-jan-2006$fGBP13.00$g0$hP$5Uk
=ACF  \\$aPrevious copyright fee: GBP14.00$c29\0$e01-jan-2008$fGBP14.00$g0$hP$5Uk
=ACF  \\$aPrevious copyright fee: GBP20.00$c29\0$e01-jan-2013$fGBP20.00$g0$hP$5Uk
=ACF  \\$aPrevious copyright fee: GBP23.00$c29\0$e01-jan-2015$fGBP23.00$g0$hP$5Uk
=ACF  \\$aPrevious copyright fee: GBP24.00$c29\0$e01-jan-2016$fGBP24.00$g0$hP$5Uk
=ACF  \\$aPrevious copyright fee: GBP26.00$c29\0$e01-jan-2017$fGBP26.00$g0$hP$5Uk
=ACF  \\$aPrevious copyright fee: GBP27.00$c29\0$e01-jan-2018$fGBP27.00$g0$hP$5Uk
=ACF  \\$aPrevious copyright fee: GBP28.00$c29\0$e01-jan-2019$fGBP28.00$g0$hP$5Uk
=ACF  \\$aPrevious Copyright Fee: GBP29.00$c29\0$e01-jan-2020$fGBP29.00$g0$hP$5Uk
=CAT  \\$aCONV$b00$c20040425$lBLL90$h0713
=CAT  \\$aBATCH-UPD$b00$c20151119$lBLL01$h1551
=CAT  \\$aIPL-CLA$c20151231$lBLL01$h1918
=CAT  \\$aBATCH-UPD$b00$c20160524$lBLL01$h2209
=CAT  \\$aBATCH-UPD$b00$c20160525$lBLL01$h0014
=CAT  \\$aBATCH-016$c20160608$lBLL01$h1429
=CAT  \\$aBATCH-UPD$b00$c20161122$lBLL01$h1520
=CAT  \\$aIPL-CLA$c20161230$lBLL01$h2114
=CAT  \\$aBATCH-UPD$b00$c20171121$lBLL01$h1703
=CAT  \\$aW1711-1005$c20171206$lBLL01$h1816
=CAT  \\$aIPL-CLA$c20171231$lBLL01$h1623
=CAT  \\$aBATCH-UPD$b00$c20181217$lBLL01$h1651
=CAT  \\$aIPL-CLA$c20181231$lBLL01$h1540
=CAT  \\$aW1910-0530$c20191007$lBLL01$h1114
=CAT  \\$aR1911-1518$c20191206$lBLL01$h1405
=CAT  \\$aIPL-CLA$c20191231$lBLL01$h1922
=CAT  \\$aBATCH-UPD$b00$c20220308$lBLL01$h1727
=CAT  \\$aIPL-CLA$c20220331$lBLL01$h1951
=CAT  \\$a12654$b40$c20221103$lBLL01$h1151
=CAT  \\$a5410$b40$c20230120$lBLL01$h1317
=CAT  \\$a5410$b40$c20230125$lBLL01$h1243
=CAT  \\$aS2302-1302$c20230322$lBLL01$h1708
=CAT  \\$aS2302-1302$c20230323$lBLL01$h1443
=CAT  \\$aIPL-CLA$c20230331$lBLL01$h1546
=CAT  \\$aS2304-0519$c20230412$lBLL01$h1139
=CAT  \\$aBATCH-SUPP$c20230426$lBLL01$h1108
=CFI  0\$aCurrent Copyright Fee: GBP42.00$c29\0$e01-apr-2023$fGBP42.00$g0$hP$5Uk
=CFI  2\$aPrevious copyright fee: GBP32.00$c29\0$e01-apr-2022$fGBP32.00$g0$hP$5Uk
=EST  \\$a1
=FFP  \\$aY$bBLDSS-3PM
=FIN  \\$aY
=FIN  \\$aY$b20221103
=FMT  \\$a  SE
=LAS  \\$aBATCH-SUPP$b00$c20230426$lBLL01$h1108
=LEO  \\$aMP22.0000069198
=LEO  \\$aMP10.0000631570
=LET  \0$aLiterature & theology (Online)
=LKR  \\$aPAR$b011126015$lBLL01$nLiterature & theology (Print)$mLiterature & theology (Online)$r776
=MNI  \\$a0269-1205
=SID  \\$aZ39$bOCLC
=SRC  \\$aISN01$bbibmp22.200404.2.aa
=SRC  \\$aDSS01$bbibmp10.200404.2.aa
=TCO  \\$aCLA$bCLA$c008
=TOC  \\$aETOC
=UNO  \\$aY

