=LDR  05757cas a2201321 a 4500
=001  012434353
=003  Uk
=005  20230426110819.0
=006  m\\\\\\\\d\\\\\\\\
=007  cr\|n|||||||||
=008  021022c20039999enkqr\pso\\\\\0\\\a0eng\d
=010  \\$a2004252113
=015  \\$aGBB407700$2bnb
=016  \\$a007034419
=019  c\$a103006944
=022  0\$a1477-8602$202
=035  \\$a(OCoLC)740972927
=037  \\$aimammb$bOxford University Press
=037  3\$aISSN_14778599$bPortico$nOxford University Press
=040  \\$aCSU$beng$cCSU$dUKMGB$dOCLCQ$dUk
=042  \\$aukblsr$aissnuk
=050  14$aQH323.5
=082  04$a570.15195$223
=130  0\$aMathematical medicine and biology (Online)
=210  0\$aMath. med. biol.$b(Online)
=222  \0$aMathematical medicine and biology$b(Online)
=245  10$aMathematical medicine and biology$h[electronic resource] :$ba journal of the IMA.
=260  \\$aOxford :$bOxford University Press
=310  \\$aQuarterly
=336  \\$atext$2rdacontent
=337  \\$acomputer$2rdamedia
=338  \\$aonline resource$2rdacarrier
=362  0\$aVol. 20, issue 1 (Mar. 2003)-
=500  \\$aTitle from HTML contents (OUP, viewed Jan 27, 2004).
=538  \\$aMode of access: World Wide Web.
=540  \\$aCurrent Copyright Fee: GBP32.00$c29\0$5Uk
=588  \\$aLatest issue consulted: volume 40, number 4 (December 2013) (Oxford Journals website, viewed January 20, 2014).
=595  \\$aFORMERLY 4368.759 UP TO VOL. 19, 2002 SEE ALSO 4368.759 FOR EXTERNAL LIBRARY HOLDINGS.
=650  \0$aBiomathematics$vPeriodicals.
=650  \0$aMedicine$xMathematics$vPeriodicals.
=650  \2$aMedicine$vPeriodicals.
=650  \2$aBiology$vPeriodicals.
=650  \2$aBiomedical Research$vPeriodicals.
=650  \2$aModels, Theoretical$vPeriodicals.
=710  2\$aInstitute of Mathematics and Its Applications.
=776  08$iAlso issued in print as:$tMathematical medicine and biology$x1477-8599
=780  00$tIMA journal of mathematics applied in medicine and biology (Online)$x1471-6879
=852  41$aBritish Library$bHMNTS$jELD Digital store$3Volume 31:Number 1(2014:Mar.)-***Previous issues available in print copy
=852  41$aBritish Library$bDSC$j5402.480000$3mar-2003 VOL 20 NUMB 1-Volume 28:Issue 4(2011)***See ESTAR for full holdings.
=856  \\$31850-9999$uhttp://ukcatalogue.oup.com/$xBLDSS
=856  40$uhttp://imammb.oxfordjournals.org/
=859  \\$aELD$bejournal
=859  \\$aXLD$bejournal$cSFX
=945  \\$aMATHEMATICAL MEDICINE AND BIOLOGY.
=959  \\$fCurrently available
=979  \\$aBritish Library$bDSC$j5402.480000
=A02  \\$a103006944
=ACF  \\$aPrevious copyright fee: GBP15.00$c29\0$e01-jan-2004$fGBP15.00$g0$hP$5Uk
=ACF  \\$aCurrent copyright fee: GBP10.00$c29\0$e30-oct-2002$fGBP10.00$g0$hP$5Uk
=ACF  \\$aCurrent copyright fee: GBP5.00$c0$e26-sep-2002$fGBP5.00$g0$hA$5Uk
=ACF  \\$aPrevious copyright fee: GBP16.00$c29\0$e01-jan-2006$fGBP16.00$g0$hP$5Uk
=ACF  \\$aPrevious copyright fee: GBP18.00$c29\0$e01-jan-2008$fGBP18.00$g0$hP$5Uk
=ACF  \\$aPrevious copyright fee: GBP20.00$c29\0$e01-jan-2013$fGBP20.00$g0$hP$5Uk
=ACF  \\$aPrevious copyright fee: GBP23.00$c29\0$e01-jan-2015$fGBP23.00$g0$hP$5Uk
=ACF  \\$aPrevious copyright fee: GBP24.00$c29\0$e01-jan-2016$fGBP24.00$g0$hP$5Uk
=ACF  \\$aPrevious copyright fee: GBP26.00$c29\0$e01-jan-2017$fGBP26.00$g0$hP$5Uk
=ACF  \\$aPrevious copyright fee: GBP27.00$c29\0$e01-jan-2018$fGBP27.00$g0$hP$5Uk
=ACF  \\$aPrevious copyright fee: GBP28.00$c29\0$e01-jan-2019$fGBP28.00$g0$hP$5Uk
=ACF  \\$aPrevious Copyright Fee: GBP20.00$c29\0$e01-jan-2020$fGBP20.00$g0$hP$5Uk
=CAT  \\$aCONV$b00$c20040425$lBLL90$h0713
=CAT  \\$aIPL-CLA$c20141231$lBLL01$h1650
=CAT  \\$aBATCH-UPD$b00$c20151119$lBLL01$h1551
=CAT  \\$aIPL-CLA$c20151231$lBLL01$h1918
=CAT  \\$aBATCH-UPD$b00$c20160524$lBLL01$h2209
=CAT  \\$aBATCH-UPD$b00$c20160525$lBLL01$h0014
=CAT  \\$aBATCH-016$c20160608$lBLL01$h1429
=CAT  \\$aBATCH-UPD$b00$c20161122$lBLL01$h1520
=CAT  \\$a10806$b40$c20161129$lBLL01$h1111
=CAT  \\$aIPL-CLA$c20161230$lBLL01$h2114
=CAT  \\$aBATCH-UPD$b00$c20171121$lBLL01$h1703
=CAT  \\$aW1711-1005$c20171206$lBLL01$h1816
=CAT  \\$aIPL-CLA$c20171231$lBLL01$h1623
=CAT  \\$aBATCH-UPD$b00$c20181217$lBLL01$h1651
=CAT  \\$aIPL-CLA$c20181231$lBLL01$h1540
=CAT  \\$aW1910-0530$c20191007$lBLL01$h1114
=CAT  \\$aR1911-1518$c20191206$lBLL01$h1419
=CAT  \\$aIPL-CLA$c20191231$lBLL01$h1922
=CAT  \\$aBATCH-UPD$b00$c20220308$lBLL01$h1734
=CAT  \\$aIPL-CLA$c20220331$lBLL01$h1951
=CAT  \\$a12654$b40$c20230224$lBLL01$h1407
=CAT  \\$aS2302-1302$c20230322$lBLL01$h1708
=CAT  \\$aS2302-1302$c20230323$lBLL01$h1443
=CAT  \\$aIPL-CLA$c20230331$lBLL01$h1546
=CAT  \\$aS2304-0519$c20230412$lBLL01$h1139
=CAT  \\$aBATCH-SUPP$c20230426$lBLL01$h1108
=CFI  0\$aCurrent Copyright Fee: GBP32.00$c29\0$e01-apr-2023$fGBP32.00$g0$hP$5Uk
=CFI  2\$aPrevious copyright fee: GBP22.00$c29\0$e01-apr-2022$fGBP22.00$g0$hP$5Uk
=EST  \\$a1
=FFP  \\$aY$bBLDSS-3PM
=FIN  \\$aY
=FMT  \\$a  SE
=LAS  \\$aBATCH-SUPP$b00$c20230426$lBLL01$h1108
=LEO  \\$aMP22.0000069420
=LEO  \\$aMP10.0000631623
=LET  \0$aMathematical medicine and biology (Online)
=LKR  \\$aPAR$b007034419$lBLL01$nMathematical medicine and biology (Print)$mMathematical medicine and biology (Online)$r776
=MNI  \\$a1477-8599
=SID  \\$aZ39$bOCLC
=SRC  \\$aISN01$bbibmp22.200404.2.aa
=SRC  \\$aDSS01$bbibmp10.200404.2.aa
=TCO  \\$aCLA$bCLA$c008
=TOC  \\$aETOC
=UNO  \\$aY

