=LDR  05893cas a2201333 a 4500
=001  012434382
=003  Uk
=005  20230426110819.0
=006  m\\\\\o\\d\\\\\\\\
=007  cr\mnu||||||||
=008  010525c19939999enkqr\pso\\\\\0\\\a0eng\c
=010  \\$a2003252292
=015  \\$aGBB407714$2bnb
=019  c\$a102478040
=022  0\$a1464-3790$202
=035  \\$a(OCoLC)47016399$z(OCoLC)42911872
=037  \\$amedlaw$bOxford University Press
=037  3\$aISSN_09670742$bPortico$nOxford University Press
=040  \\$aPIT$beng$cPIT$dOCLCQ$dWAU$dOCLCQ$dF#A$dUQ1$dOCLCQ$dAGL$dOCLCQ$dOCLCF$dUk
=042  \\$aissnuk$aukblsr
=043  \\$ae-uk---
=050  14$aK13
=070  0\$aKD3395.A13$bM43
=082  04$a344.41041$223
=130  0\$aMedical law review (Online)
=222  \0$aMedical law review$b(Online)
=245  10$aMedical law review$h[electronic resource].
=260  \\$aOxford :$bOxford University Press
=310  \\$aQuarterly,$b2010
=321  \\$aThree no. a year,$b-2009
=336  \\$atext$2rdacontent
=337  \\$acomputer$2rdamedia
=338  \\$aonline resource$2rdacarrier
=362  1\$aPrint began with vol. 1, no. 1 (spring 1993).
=530  \\$aAlso issued in print.
=540  \\$aCurrent Copyright Fee: GBP42.00$c29\0$5Uk
=588  \\$aDescription based on: Vol. 6, issue 1 (spring 1998); title from contents (viewed Jan. 2, 2003).
=588  \\$aLatest issue consulted: volume 21, number 4 (autumn 2013) (Oxford Journals website, viewed January 20, 2014).
=650  \0$aMedical laws and legislation$zGreat Britain$vPeriodicals.
=650  \0$aMedical jurisprudence$vPeriodicals.
=650  \2$aJurisprudence$vPeriodicals.
=650  \2$aLegislation, Medical$vPeriodicals.
=650  \7$aMedical jurisprudence.$2fast
=650  \7$aMedical laws and legislation.$2fast
=651  \7$aGreat Britain.$2fast
=776  1\$tMedical law review$x0967-0742
=852  41$aBritish Library$bHMNTS$jELD Digital store$3Volume 22:Number 1(2014)-***Previous issues available in print copy
=852  41$aBritish Library$bDSC$j5529.480000$32000 VOL 8 PART 1-Volume 19:Issue 4(2011)***See ESTAR for full holdings.
=856  \\$31850-9999$uhttp://ukcatalogue.oup.com/$xBLDSS
=856  4\$uhttp://firstsearch.oclc.org$zAddress for accessing the journal using authorization number and password through OCLC FirstSearch Electronic Collections Online
=856  4\$uhttp://firstsearch.oclc.org/journal=0967-0742;screen=info;ECOIP$zAddress for accessing the journal from an authorized IP address through OCLC FirstSearch Electronic Collections Online
=856  40$uhttp://medlaw.oxfordjournals.org/
=856  40$uhttp://www3.oup.co.uk/medlaw/
=859  \\$aELD$bejournal
=859  \\$aXLD$bejournal$cSFX
=945  \\$aMedical law review
=959  \\$fCurrently available
=963  \\$aCA/U13 VOL. 1, 1993- *A=1$bY
=979  \\$aBritish Library$bDSC$j5529.480000
=985  \\$aCorrected by MS generated file for WR# 12.018
=A02  \\$a102478040
=ACF  \\$aPrevious copyright fee: GBP15.00$c29\0$e01-jan-2004$fGBP15.00$g0$hP$5Uk
=ACF  \\$aCurrent copyright fee: GBP10.00$c29\0$e01-apr-2002$fGBP10.00$g0$hP$5Uk
=ACF  \\$aCurrent copyright fee: GBP10.00$c0$e01-jul-2000$fGBP10.00$g0$hC$5Uk
=ACF  \\$aPrevious copyright fee: GBP16.00$c29\0$e01-jan-2006$fGBP16.00$g0$hP$5Uk
=ACF  \\$aPrevious copyright fee: GBP18.00$c29\0$e01-jan-2008$fGBP18.00$g0$hP$5Uk
=ACF  \\$aPrevious copyright fee: GBP20.00$c29\0$e01-jan-2013$fGBP20.00$g0$hP$5Uk
=ACF  \\$aPrevious copyright fee: GBP23.00$c29\0$e01-jan-2015$fGBP23.00$g0$hP$5Uk
=ACF  \\$aPrevious copyright fee: GBP24.00$c29\0$e01-jan-2016$fGBP24.00$g0$hP$5Uk
=ACF  \\$aPrevious copyright fee: GBP26.00$c29\0$e01-jan-2017$fGBP26.00$g0$hP$5Uk
=ACF  \\$aPrevious copyright fee: GBP27.00$c29\0$e01-jan-2018$fGBP27.00$g0$hP$5Uk
=ACF  \\$aPrevious copyright fee: GBP28.00$c29\0$e01-jan-2019$fGBP28.00$g0$hP$5Uk
=ACF  \\$aPrevious Copyright Fee: GBP29.00$c29\0$e01-jan-2020$fGBP29.00$g0$hP$5Uk
=CAT  \\$aCONV$b00$c20040425$lBLL90$h0713
=CAT  \\$aBATCH-UPD$b40$c20141124$lBLL01$h1810
=CAT  \\$aBLDSS-3PM$b00$c20141208$lBLL01$h1624
=CAT  \\$aIPL-CLA$c20141231$lBLL01$h1650
=CAT  \\$aBATCH-UPD$b00$c20151119$lBLL01$h1551
=CAT  \\$aIPL-CLA$c20151231$lBLL01$h1918
=CAT  \\$aBATCH-UPD$b00$c20160524$lBLL01$h2209
=CAT  \\$aBATCH-UPD$b00$c20160525$lBLL01$h0014
=CAT  \\$aBATCH-UPD$b00$c20161122$lBLL01$h1520
=CAT  \\$aIPL-CLA$c20161230$lBLL01$h2114
=CAT  \\$aBATCH-UPD$b00$c20171121$lBLL01$h1703
=CAT  \\$aW1711-1005$c20171206$lBLL01$h1816
=CAT  \\$aIPL-CLA$c20171231$lBLL01$h1623
=CAT  \\$aBATCH-UPD$b00$c20181217$lBLL01$h1651
=CAT  \\$aIPL-CLA$c20181231$lBLL01$h1540
=CAT  \\$aW1910-0530$c20191007$lBLL01$h1114
=CAT  \\$aR1911-1518$c20191206$lBLL01$h1405
=CAT  \\$aIPL-CLA$c20191231$lBLL01$h1922
=CAT  \\$aBATCH-UPD$b00$c20220308$lBLL01$h1727
=CAT  \\$aIPL-CLA$c20220331$lBLL01$h1951
=CAT  \\$a12654$b40$c20230224$lBLL01$h1421
=CAT  \\$aS2302-1302$c20230322$lBLL01$h1708
=CAT  \\$aS2302-1302$c20230323$lBLL01$h1443
=CAT  \\$aIPL-CLA$c20230331$lBLL01$h1546
=CAT  \\$aS2304-0519$c20230412$lBLL01$h1139
=CAT  \\$aBATCH-SUPP$c20230426$lBLL01$h1108
=CFI  0\$aCurrent Copyright Fee: GBP42.00$c29\0$e01-apr-2023$fGBP42.00$g0$hP$5Uk
=CFI  2\$aPrevious copyright fee: GBP32.00$c29\0$e01-apr-2022$fGBP32.00$g0$hP$5Uk
=EST  \\$a1
=FFP  \\$aY$bBLDSS-3PM
=FIN  \\$aY
=FMT  \\$a  SE
=LAS  \\$aBATCH-SUPP$b00$c20230426$lBLL01$h1108
=LEO  \\$aMP10.0000631652
=LET  \0$aMedical law review (Online)
=MNI  \\$a0967-0742
=SID  \\$aZ39$bOCLC
=SRC  \\$aDSS01$bbibmp10.200404.2.aa
=TCO  \\$aCLA$bCLA$c008
=TOC  \\$aETOC
=UNO  \\$aY

