=LDR  05978cas a2201357 a 4500
=001  012434420
=003  Uk
=005  20230426110819.0
=006  m\\\\\o\\d\\\\\\\\
=007  cr\cnu||||||||
=008  980130c18769999enkqr\pso\\\\\0\\\a0eng\c
=010  \\$asn 98050057$zsn 98023315
=015  \\$aGBB409346$2bnb
=016  \\$a012434420
=016  \\$a019719566$2DE-101
=016  \\$a1478974-7$2DE-600
=019  c\$a102108063
=022  0\$a1460-2113$202
=035  \\$a(OCoLC)38293172$z(OCoLC)40463594$z(OCoLC)40661760$z(OCoLC)40667893
=037  \\$amind$bOxford University Press
=037  3\$aISSN_00264423$bPortico$nOxford University Press
=040  \\$aUMC$beng$cUMC$dOCL$dIUL$dOCLCQ$dMUQ$dCIT$dOCLCQ$dUKMGB$dOCLCQ$dGBVCP$dOCLCQ$dAGL$dOCLCQ$dOCLCF$dUk
=042  \\$aukblsr$aissnuk
=050  14$aB1$b.M65
=070  0\$aB1$b.M65
=082  04$a190.5$223
=130  0\$aMind (Online)
=210  0\$aMind$b(Online)
=222  \0$aMind$b(Online)
=245  10$aMind$h[electronic resource] :$ba quarterly review of philosophy.
=246  13$aMind online
=260  \\$aOxford :$bOxford University Press
=310  \\$aQuarterly
=336  \\$atext$2rdacontent
=337  \\$acomputer$2rdamedia
=338  \\$aonline resource$2rdacarrier
=362  1\$aPrint began in 1876.
=530  \\$aAlso issued in print.
=530  \\$aElectronic journals from Oxford University Press are searchable via the Oxford journals online website.
=540  \\$aCurrent Copyright Fee: GBP33.00$c29\0$5Uk
=588  \\$aDescription based on: Vol. 105, issue 417 (Jan. 1996); title from title screen (viewed June 6, 2000).
=588  \\$aLatest issue consulted: volume 122, number 487 (July 2013) (Oxford Journals website, viewed January 23, 2014).
=650  \0$aPhilosophy$vPeriodicals.
=650  \7$aPhilosophy.$2fast
=655  \7$aPeriodicals.$2fast
=710  2\$aMind Association,$eissuing body.
=776  1\$tMind$x0026-4423
=852  41$aBritish Library$bHMNTS$jELD Digital store$3Volume 123:Issue 489(2014)-***Previous issues available in print copy
=852  41$aBritish Library$bDSC$j5775.500000$3jan-2000 VOL 109 ISSU 433-Volume 123:Issue 492(2014)***See ESTAR for full holdings.
=856  \\$31850-9999$uhttp://ukcatalogue.oup.com/$xBLDSS
=856  4\$uhttp://firstsearch.oclc.org$zAddress for accessing the journal using authorization number and password through OCLC FirstSearch Electronic Collections Online
=856  4\$uhttp://firstsearch.oclc.org/journal=0026-4423;screen=info;ECOIP$zAddress for accessing the journal from an authorized IP address through OCLC FirstSearch Electronic Collections Online
=856  40$uhttp://mind.oxfordjournals.org/
=856  40$uhttp://www.jstor.org/journals/00264423.html
=856  40$uhttp://www.oup.co.uk/mind/
=859  \\$aXLD$bejournal$cSFX
=859  \\$aELD$bejournal
=945  \\$aMIND -OXFORD-.
=959  \\$fCurrently available
=979  \\$aBritish Library$bDSC$j5775.500000
=ACF  \\$aPrevious copyright fee: GBP12.00$c29\0$e01-jan-2004$fGBP12.00$g0$hP$5Uk
=ACF  \\$aCurrent copyright fee: GBP8.00$c29\0$e01-apr-2002$fGBP8.00$g0$hP$5Uk
=ACF  \\$aCurrent copyright fee: GBP8.00$c0$e01-jul-2000$fGBP8.00$g0$hC$5Uk
=ACF  \\$aPrevious copyright fee: GBP13.00$c29\0$e01-jan-2006$fGBP13.00$g0$hP$5Uk
=ACF  \\$aPrevious copyright fee: GBP14.00$c29\0$e01-jan-2008$fGBP14.00$g0$hP$5Uk
=ACF  \\$aPrevious copyright fee: GBP20.00$c29\0$e01-jan-2013$fGBP20.00$g0$hP$5Uk
=ACF  \\$aPrevious copyright fee: GBP23.00$c29\0$e01-jan-2015$fGBP23.00$g0$hP$5Uk
=ACF  \\$aPrevious copyright fee: GBP24.00$c29\0$e01-jan-2016$fGBP24.00$g0$hP$5Uk
=ACF  \\$aPrevious copyright fee: GBP26.00$c29\0$e01-jan-2017$fGBP26.00$g0$hP$5Uk
=ACF  \\$aPrevious copyright fee: GBP27.00$c29\0$e01-jan-2018$fGBP27.00$g0$hP$5Uk
=ACF  \\$aPrevious copyright fee: GBP28.00$c29\0$e01-jan-2019$fGBP28.00$g0$hP$5Uk
=ACF  \\$aPrevious Copyright Fee: GBP20.00$c29\0$e01-jan-2020$fGBP20.00$g0$hP$5Uk
=CAT  \\$aCONV$b00$c20040425$lBLL90$h0713
=CAT  \\$aBATCH-UPD$b00$c20151119$lBLL01$h1551
=CAT  \\$aIPL-CLA$c20151231$lBLL01$h1918
=CAT  \\$aBATCH-UPD$b00$c20160524$lBLL01$h2209
=CAT  \\$aBATCH-UPD$b00$c20160525$lBLL01$h0014
=CAT  \\$aBATCH-016$c20160608$lBLL01$h1429
=CAT  \\$aBATCH-UPD$b00$c20161122$lBLL01$h1520
=CAT  \\$aIPL-CLA$c20161230$lBLL01$h2114
=CAT  \\$aBATCH-UPD$b00$c20171121$lBLL01$h1703
=CAT  \\$aW1711-1005$c20171206$lBLL01$h1816
=CAT  \\$aIPL-CLA$c20171231$lBLL01$h1623
=CAT  \\$aBATCH-UPD$b00$c20181217$lBLL01$h1651
=CAT  \\$aIPL-CLA$c20181231$lBLL01$h1540
=CAT  \\$aW1910-0530$c20191007$lBLL01$h1114
=CAT  \\$aR1911-1518$c20191206$lBLL01$h1419
=CAT  \\$aIPL-CLA$c20191231$lBLL01$h1922
=CAT  \\$a5410$b40$c20200914$lBLL01$h0954
=CAT  \\$aBATCH-UPD$b40$c20220308$lBLL01$h1734
=CAT  \\$aIPL-CLA$c20220331$lBLL01$h1951
=CAT  \\$a5410$b40$c20221009$lBLL01$h1142
=CAT  \\$a12654$b40$c20230228$lBLL01$h0917
=CAT  \\$aS2302-1302$c20230322$lBLL01$h1708
=CAT  \\$aS2302-1302$c20230323$lBLL01$h1443
=CAT  \\$aIPL-CLA$c20230331$lBLL01$h1546
=CAT  \\$aS2304-0519$c20230412$lBLL01$h1139
=CAT  \\$aBATCH-SUPP$c20230426$lBLL01$h1108
=CFI  0\$aCurrent Copyright Fee: GBP33.00$c29\0$e01-apr-2023$fGBP33.00$g0$hP$5Uk
=CFI  2\$aPrevious copyright fee: GBP22.00$c29\0$e01-apr-2022$fGBP22.00$g0$hP$5Uk
=EST  \\$a1
=FFP  \\$aY$bBLDSS-3PM
=FIN  \\$aY
=FMT  \\$a  SE
=LAS  \\$aBATCH-SUPP$b00$c20230426$lBLL01$h1108
=LEO  \\$aMP22.0000056185
=LEO  \\$aMP10.0000631690
=LET  \0$aMind (Online)
=LKR  \\$aPAR$b011762911$lBLL01$r776$mMind (Online)$nMIND (Print)
=MNI  \\$a0026-4423
=SID  \\$aZ39$bOCLC
=SRC  \\$aISN01$bbibmp22.200404.2.aa
=SRC  \\$aDSS01$bbibmp10.200404.2.aa
=TCO  \\$aCLA$bCLA$c008
=TOC  \\$aETOC
=UNO  \\$aY

