=LDR  05974cas a2201321 a 4500
=001  012434429
=003  Uk
=005  20230426110819.0
=006  m\\\\\o\\d\\\\\\\\
=007  cr\cnu||||||||
=008  951212c19819999ncutx\pso\o\\\0\\\a0eng\c
=010  \\$asn 95006655
=015  \\$aGBB409353$2bnb
=019  c\$a102208070
=022  0\$a1086-3273$l0276-1114$y0276-1114$21
=035  \\$a(OCoLC)33893606$z(OCoLC)51782917
=037  \\$amodjud$bOxford University Press
=037  3\$aISSN_02761114$bPortico$nOxford University Press
=040  \\$aNSD$beng$cNSD$dOCL$dGUA$dWAU$dIUL$dOCL$dIUL$dOCL$dGUA$dOCL$dNSD$dOCLCQ$dMUQ$dEYM$dOCL$dUQ1$dOCLCQ$dUk
=042  \\$aukblsr
=050  14$aBM195
=082  04$a296.05$223
=130  0\$aModern Judaism (Online)
=210  0\$aMod. Jud.$b(Online)
=222  \0$aModern Judaism$b(Online)
=245  10$aModern Judaism$h[electronic resource] :$ba journal of Jewish ideas and experience.
=260  \\$aBaltimore, Md. :$bJohns Hopkins University Press,$cc1981-
=264  31$aCary, NC :$bOxford University Press
=310  \\$aThree no. a year
=336  \\$atext$2rdacontent
=337  \\$acomputer$2rdamedia
=338  \\$aonline resource$2rdacarrier
=362  0\$aVol. 1, no. 1 (May 1981)-
=500  \\$aTitle from title screen (JSTOR, viewed May 11, 2005).
=530  \\$aAlso issued in print.
=538  \\$aMode of access: World Wide Web.
=540  \\$aCurrent Copyright Fee: GBP42.00$c29\0$5Uk
=588  \\$aLatest issue consulted: volume 34, number 1 (February 2014) (Oxford Journals website, viewed January 23, 2014).
=650  \0$aJudaism$xHistory$yModern period, 1750-$vPeriodicals.
=776  1\$tModern Judaism$x0276-1114
=852  41$aBritish Library$bHMNTS$jELD Digital store$3Volume 34:Issue 1(2014)-***Previous issues available in print copy
=852  41$aBritish Library$bDSC$j5887.341000$32002 VOL 22 PART 1-Volume 34:Issue 3(2014)***See ESTAR for full holdings.
=856  \\$31850-9999$uhttp://ukcatalogue.oup.com/$xBLDSS
=856  4\$uhttp://firstsearch.oclc.org$zAddress for accessing the journal using authorization number and password through OCLC FirstSearch Electronic Collections Online
=856  4\$uhttp://firstsearch.oclc.org/journal=0276-1114;screen=info;ECOIP$zAddress for accessing the journal from an authorized IP address through OCLC FirstSearch Electronic Collections Online
=856  40$uhttp://calliope.jhu.edu/journals/modern_judaism/
=856  40$uhttp://mj.oxfordjournals.org/
=856  40$uhttp://muse.jhu.edu/journals/modern_judaism/
=856  40$uhttp://www.jstor.org/journals/02761114.html
=856  40$uhttp://www3.oup.co.uk/modjud/contents
=859  \\$aELD$bejournal
=859  \\$aXLD$bejournal$cSFX
=945  \\$aMODERN JUDAISM.
=959  \\$fCurrently available
=963  \\$aVOL. 1, 1981- *A=1$bN$cP7.C.46
=979  \\$aBritish Library$bDSC$j5887.341000
=985  \\$aCorrected by BSS-generated file for WR# 08/157
=A02  \\$a102208070
=ACF  \\$aPrevious copyright fee: GBP12.00$c29\0$e01-jan-2004$fGBP12.00$g0$hP$5Uk
=ACF  \\$aCurrent copyright fee: GBP8.00$c29\0$e01-apr-2002$fGBP8.00$g0$hP$5Uk
=ACF  \\$aCurrent copyright fee: GBP8.00$c0$e01-jul-2001$fGBP8.00$g0$hC$5Uk
=ACF  \\$aPrevious copyright fee: GBP13.00$c29\0$e01-jan-2006$fGBP13.00$g0$hP$5Uk
=ACF  \\$aPrevious copyright fee: GBP14.00$c29\0$e01-jan-2008$fGBP14.00$g0$hP$5Uk
=ACF  \\$aPrevious copyright fee: GBP20.00$c29\0$e01-jan-2013$fGBP20.00$g0$hP$5Uk
=ACF  \\$aPrevious copyright fee: GBP23.00$c29\0$e01-jan-2015$fGBP23.00$g0$hP$5Uk
=ACF  \\$aPrevious copyright fee: GBP24.00$c29\0$e01-jan-2016$fGBP24.00$g0$hP$5Uk
=ACF  \\$aPrevious copyright fee: GBP26.00$c29\0$e01-jan-2017$fGBP26.00$g0$hP$5Uk
=ACF  \\$aPrevious copyright fee: GBP27.00$c29\0$e01-jan-2018$fGBP27.00$g0$hP$5Uk
=ACF  \\$aPrevious copyright fee: GBP28.00$c29\0$e01-jan-2019$fGBP28.00$g0$hP$5Uk
=ACF  \\$aPrevious Copyright Fee: GBP29.00$c29\0$e01-jan-2020$fGBP29.00$g0$hP$5Uk
=CAT  \\$aCONV$b00$c20040425$lBLL90$h0713
=CAT  \\$aIPL-CLA$c20141231$lBLL01$h1650
=CAT  \\$aBATCH-UPD$b00$c20151119$lBLL01$h1551
=CAT  \\$aIPL-CLA$c20151231$lBLL01$h1918
=CAT  \\$aBATCH-UPD$b00$c20160524$lBLL01$h2209
=CAT  \\$aBATCH-UPD$b00$c20160525$lBLL01$h0014
=CAT  \\$aBATCH-UPD$b00$c20161122$lBLL01$h1520
=CAT  \\$aIPL-CLA$c20161230$lBLL01$h2114
=CAT  \\$aBATCH-UPD$b00$c20171121$lBLL01$h1703
=CAT  \\$aW1711-1005$c20171206$lBLL01$h1816
=CAT  \\$aIPL-CLA$c20171231$lBLL01$h1623
=CAT  \\$aBATCH-UPD$b00$c20181217$lBLL01$h1651
=CAT  \\$aIPL-CLA$c20181231$lBLL01$h1540
=CAT  \\$aW1910-0530$c20191007$lBLL01$h1114
=CAT  \\$aR1911-1518$c20191206$lBLL01$h1405
=CAT  \\$aIPL-CLA$c20191231$lBLL01$h1922
=CAT  \\$a5410$b40$c20200911$lBLL01$h0915
=CAT  \\$aBATCH-UPD$b40$c20220308$lBLL01$h1727
=CAT  \\$aIPL-CLA$c20220331$lBLL01$h1951
=CAT  \\$a5410$b40$c20221009$lBLL01$h1142
=CAT  \\$a12654$b40$c20230228$lBLL01$h1033
=CAT  \\$aS2302-1302$c20230322$lBLL01$h1708
=CAT  \\$aS2302-1302$c20230323$lBLL01$h1443
=CAT  \\$aIPL-CLA$c20230331$lBLL01$h1546
=CAT  \\$aS2304-0519$c20230412$lBLL01$h1139
=CAT  \\$aBATCH-SUPP$c20230426$lBLL01$h1108
=CFI  0\$aCurrent Copyright Fee: GBP42.00$c29\0$e01-apr-2023$fGBP42.00$g0$hP$5Uk
=CFI  2\$aPrevious copyright fee: GBP32.00$c29\0$e01-apr-2022$fGBP32.00$g0$hP$5Uk
=EST  \\$a1
=FFP  \\$aY$bBLDSS-3PM
=FIN  \\$aY
=FMT  \\$a  SE
=LAS  \\$aBATCH-SUPP$b00$c20230426$lBLL01$h1108
=LEO  \\$aMP10.0000631699
=LET  \0$aModern Judaism (Online)
=LKR  \\$aPAR$b011766874$lBLL01$nModern Judaism (Print)$mModern Judaism (Online)$r776
=MNI  \\$a0276-1114
=SID  \\$aZ39$bOCLC
=SRC  \\$aDSS01$bbibmp10.200404.2.aa
=TCO  \\$aCLA$bCLA$c008
=TCO  \\$aTRS$bCCC$c008
=TOC  \\$aETOC
=UNO  \\$aY

