=LDR  06380cas a2201405 a 4500
=001  012434460
=003  Uk
=005  20230426110819.0
=006  m\\\\\o\\d\\\\\\\\
=007  cr\cn|||||||||
=008  010927c18319999enkjr\pso\\\\\0\\\a0eng\c
=010  \\$a2002238577
=015  \\$aGBB409369$2bnb
=016  \\$a012434460
=019  c\$a102111427
=022  0\$a1365-2966$202
=030  \\$aMNRAA4
=035  \\$a(OCoLC)48043561$z(OCoLC)40094994
=037  \\$amnras$bOxford University Press
=037  3\$aISSN_00358711_4$bPortico$nOxford University Press
=040  \\$aCSL$cCSL$dIUL$dOCLCQ$dZYU$dOCL$dCIT$dOCLCQ$dUKMGB$dOCLCQ$dUk
=042  \\$aissnuk$aukblsr
=050  \4$aQB1$b.R72
=082  04$a520.5$223
=130  0\$aMonthly notices of the Royal Astronomical Society (Online)
=210  0\$aMon. not. R. Astron. Soc.$b(Online)
=222  \0$aMonthly notices of the Royal Astronomical Society$b(Online)
=245  10$aMonthly notices of the Royal Astronomical Society$h[electronic resource].
=246  30$aMonthly notices
=260  \\$aOxford :$bBlackwell Science
=264  31$32013-$a[Oxford] :$bOxford University Press
=310  \\$aThree times a month
=336  \\$atext$2rdacontent
=337  \\$acomputer$2rdamedia
=338  \\$aonline resource$2rdacarrier
=362  1\$aPrint began with vol. 2, no. 1 (Jan. 14, 1831).
=500  \\$aIncludes reports of the Society's proceedings.
=500  \\$aIssues <1 Nov. 1987-> include separately paged section called: Short communications.
=530  \\$aAlso issued in print.
=540  \\$aCurrent Copyright Fee: GBP13.00$c29\0$5Uk
=550  \\$aPublished on behalf of the Royal Astronomical Society.
=580  \\$aPrint continues: Monthly notices of the Astronomical Society of London.
=588  \\$aDescription based on: Vol. 293, issue 1 (Jan. 1998); title from introductory page, viewed May 30, 2002.
=588  \\$aLatest issue consulted: volume 438, issue 1 (February 11, 2014) (Oxford Journals, viewed January 23, 2014).
=610  20$aRoyal Astronomical Society$vPeriodicals.
=650  \0$aAstronomy$vPeriodicals.
=710  2\$aRoyal Astronomical Society.
=770  0\$tMonthly notices of the Royal Astronomical Society. Letters$x1745-3933
=776  1\$tMonthly notices of the Royal Astronomical Society$x0035-8711
=852  41$aBritish Library$bHMNTS$jELD Digital store$3Volume 437:Issue 1(2014)-***Previous issues available in print copy
=852  41$aBritish Library$bDSC$j5943.000000$3Volume 298:Issue 3(1998)-Volume 443:Issue 4(2014)***See ESTAR for full holdings.
=856  \\$31850-9999$uhttp://ukcatalogue.oup.com/$xBLDSS
=856  40$uhttp://mnras.oxfordjournals.org/
=856  40$uhttp://onlinelibrary.wiley.com/journal/10.1111/(ISSN)1365-2966
=856  40$uhttp://www.blackwell-synergy.com/issuelist.asp?journal=mnr
=856  40$uhttp://www.blackwell-synergy.com/loi/mnr
=859  \\$aELD$bejournal
=859  \\$aXLD$bejournal$cSFX
=945  \\$aMONTHLY NOTICES- ROYAL ASTRONOMICAL SOCIETY.
=959  \\$fCurrently available
=963  \\$aVOL. 1, 1827- *A=1$bY$cP342.B.31
=964  \\$aVOL. 1, 1831- *A=1$c52$dO$eTL1788
=979  \\$aBritish Library$bDSC$j5943.000000
=985  \\$aCorrected by BSS-generated file for WR# 08/157
=A02  \\$a102111427
=ACF  \\$aCurrent copyright fee: GBP13.00$c10\0$e01-apr-2003$fGBP13.00$g0$hP$5Uk
=ACF  \\$aCurrent copyright fee: GBP13.00$c10\4$e01-jan-2002$fGBP13.00$g0$hP$5Uk
=ACF  \\$aPrevious copyright fee: GBP20.00$c29\0$e15-may-2013$fGBP22.00$g0$hP$5Uk
=ACF  \\$aPrevious copyright fee: GBP22.00$c10\0$e01-jan-2006$fGBP22.00$g0$hP$5Uk
=ACF  \\$aPrevious copyright fee: GBP15.00$c10\0$e01-apr-2004$fGBP15.00$g0$hP$5Uk
=ACF  \\$aPrevious copyright fee: GBP14.00$c29\0$e30-sep-2013$fGBP14.00$g0$hP$5Uk
=ACF  \\$aPrevious copyright fee: GBP16.00$c29\0$e01-jan-2015$fGBP16.00$g0$hP$5Uk
=ACF  \\$aPrevious copyright fee: GBP17.00$c29\0$e01-jan-2016$fGBP17.00$g0$hP$5Uk
=ACF  \\$aPrevious copyright fee: GBP18.00$c29\0$e01-jan-2017$fGBP18.00$g0$hP$5Uk
=ACF  \\$aPrevious copyright fee: GBP19.00$c29\0$e01-jan-2018$fGBP19.00$g0$hP$5Uk
=ACF  \\$aPrevious copyright fee: GBP20.00$c29\0$e01-jan-2019$fGBP20.00$g0$hP$5Uk
=ACF  \\$aPrevious Copyright Fee: GBP10.00$c29\0$e01-jan-2020$fGBP10.00$g0$hP$5Uk
=CAT  \\$aCONV$b00$c20040425$lBLL90$h0713
=CAT  \\$aBATCH-UPD$b00$c20151119$lBLL01$h1553
=CAT  \\$aBATCH-UPD$b00$c20151119$lBLL01$h1554
=CAT  \\$aBATCH-UPD$b00$c20151213$lBLL01$h1327
=CAT  \\$aIPL-CLA$c20151231$lBLL01$h1918
=CAT  \\$aBATCH-UPD$b00$c20160523$lBLL01$h2354
=CAT  \\$aBATCH-UPD$b00$c20160524$lBLL01$h2209
=CAT  \\$aBATCH-016$c20160608$lBLL01$h1429
=CAT  \\$aBATCH-UPD$b00$c20161122$lBLL01$h1516
=CAT  \\$aIPL-CLA$c20161230$lBLL01$h2114
=CAT  \\$aBATCH-UPD$b00$c20171121$lBLL01$h1659
=CAT  \\$aW1711-1005$c20171206$lBLL01$h1816
=CAT  \\$aIPL-CLA$c20171231$lBLL01$h1623
=CAT  \\$aBATCH-UPD$b00$c20181217$lBLL01$h1654
=CAT  \\$aIPL-CLA$c20181231$lBLL01$h1540
=CAT  \\$aW1910-0530$c20191007$lBLL01$h1114
=CAT  \\$aR1911-1518$c20191206$lBLL01$h1433
=CAT  \\$aIPL-CLA$c20191231$lBLL01$h1922
=CAT  \\$aBATCH-UPD$b00$c20220308$lBLL01$h1738
=CAT  \\$aIPL-CLA$c20220331$lBLL01$h1951
=CAT  \\$a12654$b40$c20230228$lBLL01$h1102
=CAT  \\$aS2302-1302$c20230322$lBLL01$h1708
=CAT  \\$aS2302-1302$c20230323$lBLL01$h1443
=CAT  \\$aIPL-CLA$c20230331$lBLL01$h1546
=CAT  \\$aS2304-0519$c20230412$lBLL01$h1139
=CAT  \\$aBATCH-SUPP$c20230426$lBLL01$h1108
=CFI  0\$aCurrent Copyright Fee: GBP13.00$c29\0$e01-apr-2023$fGBP13.00$g0$hP$5Uk
=CFI  2\$aPrevious copyright fee: GBP11.00$c29\0$e01-apr-2022$fGBP11.00$g0$hP$5Uk
=EST  \\$a1
=FFP  \\$aY$bBLDSS-3PM
=FIN  \\$aY
=FMT  \\$a  SE
=LAS  \\$aBATCH-SUPP$b00$c20230426$lBLL01$h1108
=LEO  \\$aMP10.0000631730
=LEO  \\$aMP22.0000051987
=LKR  \\$aPAR$b012410654$lBLL01$r776$mMonthly notices of the Royal Astronomical Society (Online)$nMonthly notices of the Royal Astronomical Society (Print)
=MNI  \\$a0035-8711
=SID  \\$aZ39$bOCLC
=SRC  \\$aDSS01$bbibmp10.200404.2.aa
=SRC  \\$aISN01$bbibmp22.200404.2.aa
=TCO  \\$aCLA$bCLA$c008
=TOC  \\$aETOC
=UNO  \\$aY

