=LDR  05850cas a2201333 a 4500
=001  012434470
=003  Uk
=005  20230426110820.0
=006  m\\\\\o\\d\\\\\\\\
=007  cr\mnu||||||||
=008  020722c19209999enkqr\pso\o\\\0\\\a0eng\\
=010  \\$a2004235641
=015  \\$aGBB409875$2bnb
=019  c\$a102112426
=022  0\$a1477-4631$202
=035  \\$a(OCoLC)50211713
=037  \\$amusicj$bOxford University Press
=037  3\$aISSN_00274224$bPortico$nOxford University Press
=040  \\$aBUF$beng$cBUF$dOCLCQ$dOCL$dEYM$dOCLCQ$dHLS$dOCLCQ$dOCLCS$dGUA$dOCLCQ$dAGL$dOCLCF$dUk
=042  \\$aukblsr$aissnuk
=050  14$aML5
=070  0\$aML5$b.M64
=082  04$a780.5$223
=130  0\$aMusic & letters (Online)
=222  \0$aMusic and letters$b(Online)
=245  10$aMusic & letters$h[electronic resource].
=246  3\$aMusic and letters
=260  \\$aOxford :$bOxford University Press
=310  \\$aQuarterly
=336  \\$atext$2rdacontent
=337  \\$acomputer$2rdamedia
=338  \\$aonline resource$2rdacarrier
=362  0\$aVol. 1, no. 1 (Jan. 1920)-
=500  \\$aTitle from title screen (JSTOR, viewed Oct. 8, 2003).
=538  \\$aMode of access: World Wide Web.
=540  \\$aCurrent Copyright Fee: GBP42.00$c29\0$5Uk
=588  \\$aLatest issue consulted: Vol. 94, issue 4 (November 2013) (Oxford Journals website, viewed January 27, 2014).
=595  \\$aSee also Serial Records BOD and SCE.
=650  \0$aMusic$vPeriodicals.
=650  \7$aMusic$xInstruction and study.$2fast
=655  \7$aPeriodicals.$2fast
=776  08$iAlso issued in print as:$tMusic & letters$x0027-4224
=852  41$aBritish Library$bHMNTS$jELD Digital store$3Volume 94:Issue 4(2013)-***Previous issues available in print copy
=852  41$aBritish Library$bDSC$j5990.190000$3feb-2002 VOL 83 PART 1-Volume 95:Issue 4(2014)***See ESTAR for full holdings.
=856  \\$31850-9999$uhttp://ukcatalogue.oup.com/$xBLDSS
=856  4\$uhttp://firstsearch.oclc.org$zAddress for accessing the journal using authorization number and password through OCLC FirstSearch Electronic Collections Online
=856  4\$uhttp://firstsearch.oclc.org/journal=0027-4224;screen=info;ECOIP$zAddress for accessing the journal from an authorized IP address through OCLC FirstSearch Electronic Collections Online
=856  40$uhttp://ml.oxfordjournals.org/
=856  40$uhttp://www.jstor.org/journals/00274224.html
=856  40$uhttp://www3.oup.co.uk/musicj/contents/
=859  \\$aXLD$bejournal$cSFX
=859  \\$aELD$bejournal
=945  \\$aMusic and letters
=959  \\$fCurrently available
=963  \\$aVOL. 1, 1920- *A=1$bY$cP409.B.16
=979  \\$aBritish Library$bDSC$j5990.190000
=985  \\$aCorrected by BSS-generated file for WR# 08/157
=A02  \\$a102112426
=ACF  \\$aPrevious copyright fee: GBP12.00$c29\0$e01-jan-2004$fGBP12.00$g0$hP$5Uk
=ACF  \\$aCurrent copyright fee: GBP8.00$c29\0$e01-apr-2002$fGBP8.00$g0$hP$5Uk
=ACF  \\$aCurrent copyright fee: GBP8.00$c0$e01-jul-2000$fGBP8.00$g0$hC$5Uk
=ACF  \\$aPrevious copyright fee: GBP13.00$c29\0$e01-jan-2006$fGBP13.00$g0$hP$5Uk
=ACF  \\$aPrevious copyright fee: GBP14.00$c29\0$e01-jan-2008$fGBP14.00$g0$hP$5Uk
=ACF  \\$aPrevious copyright fee: GBP20.00$c29\0$e01-jan-2013$fGBP20.00$g0$hP$5Uk
=ACF  \\$aPrevious copyright fee: GBP23.00$c29\0$e01-jan-2015$fGBP23.00$g0$hP$5Uk
=ACF  \\$aPrevious copyright fee: GBP24.00$c29\0$e01-jan-2016$fGBP24.00$g0$hP$5Uk
=ACF  \\$aPrevious copyright fee: GBP26.00$c29\0$e01-jan-2017$fGBP26.00$g0$hP$5Uk
=ACF  \\$aPrevious copyright fee: GBP27.00$c29\0$e01-jan-2018$fGBP27.00$g0$hP$5Uk
=ACF  \\$aPrevious copyright fee: GBP28.00$c29\0$e01-jan-2019$fGBP28.00$g0$hP$5Uk
=ACF  \\$aPrevious Copyright Fee: GBP29.00$c29\0$e01-jan-2020$fGBP29.00$g0$hP$5Uk
=CAT  \\$aCONV$b00$c20040425$lBLL90$h0713
=CAT  \\$aIPL-CLA$c20141231$lBLL01$h1650
=CAT  \\$aBATCH-UPD$b00$c20151119$lBLL01$h1551
=CAT  \\$aIPL-CLA$c20151231$lBLL01$h1918
=CAT  \\$aBATCH-UPD$b00$c20160524$lBLL01$h2209
=CAT  \\$aBATCH-UPD$b00$c20160525$lBLL01$h0014
=CAT  \\$aBATCH-UPD$b00$c20161122$lBLL01$h1520
=CAT  \\$aIPL-CLA$c20161230$lBLL01$h2114
=CAT  \\$aBATCH-UPD$b00$c20171121$lBLL01$h1703
=CAT  \\$aW1711-1005$c20171206$lBLL01$h1816
=CAT  \\$aIPL-CLA$c20171231$lBLL01$h1623
=CAT  \\$aBATCH-UPD$b00$c20181217$lBLL01$h1651
=CAT  \\$aIPL-CLA$c20181231$lBLL01$h1540
=CAT  \\$aW1910-0530$c20191007$lBLL01$h1114
=CAT  \\$aR1911-1518$c20191206$lBLL01$h1406
=CAT  \\$aIPL-CLA$c20191231$lBLL01$h1922
=CAT  \\$a5410$b40$c20200909$lBLL01$h0830
=CAT  \\$aBATCH-UPD$b40$c20220308$lBLL01$h1727
=CAT  \\$aIPL-CLA$c20220331$lBLL01$h1951
=CAT  \\$a5410$b40$c20221009$lBLL01$h1714
=CAT  \\$a12654$b40$c20230228$lBLL01$h1116
=CAT  \\$aS2302-1302$c20230322$lBLL01$h1708
=CAT  \\$aS2302-1302$c20230323$lBLL01$h1444
=CAT  \\$aIPL-CLA$c20230331$lBLL01$h1546
=CAT  \\$aS2304-0519$c20230412$lBLL01$h1139
=CAT  \\$aBATCH-SUPP$c20230426$lBLL01$h1108
=CFI  0\$aCurrent Copyright Fee: GBP42.00$c29\0$e01-apr-2023$fGBP42.00$g0$hP$5Uk
=CFI  2\$aPrevious copyright fee: GBP32.00$c29\0$e01-apr-2022$fGBP32.00$g0$hP$5Uk
=EST  \\$a1
=FFP  \\$aY$bBLDSS-3PM
=FIN  \\$aY
=FMT  \\$a  SE
=LAS  \\$aBATCH-SUPP$b00$c20230426$lBLL01$h1108
=LEO  \\$aMP22.0000069199
=LEO  \\$aMP10.0000631740
=LET  \0$aMusic & letters (Online)
=LKR  \\$aPAR$b012413639$lBLL01$nMusic & letters (Print)$mMusic & letters (Online)$r776
=MNI  \\$a0027-4224
=SID  \\$aZ39$bOCLC
=SRC  \\$aISN01$bbibmp22.200404.2.aa
=SRC  \\$aDSS01$bbibmp10.200404.2.aa
=TCO  \\$aCLA$bCLA$c008
=TOC  \\$aETOC
=UNO  \\$aY

