=LDR  05584cas a2201321 a 4500
=001  012434471
=003  Uk
=005  20230426110820.0
=006  m\\\\\o\\d\\\\\\\\
=007  cr\anu||||||||
=008  031008c19159999ncuqr\pso\o\\\0\\\a0eng\c
=010  \\$a2004235646
=015  \\$aGBB409898$2bnb
=019  c\$a102112503
=022  0\$a1741-8399$202
=035  \\$a(OCoLC)53165498
=037  \\$amusqtl$bOxford University Press
=037  3\$aISSN_00274631$bPortico$nOxford University Press
=040  \\$aEYM$beng$cEYM$dHLS$dOCLCQ$dOCL$dMUQ$dOCLCQ$dVRC$dNSD$dOCLCQ$dAGL$dOCLCQ$dOCLCF$dUk
=042  \\$ansdp$aissnuk$aukblsr
=050  14$aML1
=070  0\$aML1$b.M725
=082  04$a780$223
=130  0\$aMusical quarterly (Online)
=222  \4$aThe musical quarterly$b(Online)
=245  14$aThe musical quarterly$h[electronic resource].
=260  \\$aNew York :$bG. Schirmer,$c1915-
=260  3\$aCary, NC :$bOxford University Press
=310  \\$aQuarterly
=336  \\$atext$2rdacontent
=337  \\$acomputer$2rdamedia
=338  \\$aonline resource$2rdacarrier
=362  0\$aVol. 1, no. 1 (Jan. 1915)-
=500  \\$aTitle from title screen (JSTOR, viewed Oct. 8, 2003).
=500  \\$aPublisher varies: Macmillan, winter 1985-.
=530  \\$aAlso issued in print.
=538  \\$aMode of access: World Wide Web.
=540  \\$aCurrent Copyright Fee: GBP42.00$c29\0$5Uk
=588  \\$aLatest issue consulted: volume 96, number 2 (summer 2013) (Oxford Journals, viewed January 28, 2014).
=595  \\$aSee also RMS Serial Records HORN and BOD See also ULASP for other locations.
=650  \0$aMusic$vPeriodicals.
=650  \7$aMusic$xInstruction and study.$2fast
=655  \7$aPeriodicals.$2fast
=776  1\$tMusical quarterly$x0027-4631
=852  41$aBritish Library$bHMNTS$jELD Digital store$3Volume 97:Number 1(2014:Spring)-
=852  41$aBritish Library$bDSC$j5990.790000$32002 VOL 86 PART 1-Volume 104:Issue 3/4(2021)***See ESTAR for full holdings.
=856  \\$uhttp://mq.oxfordjournals.org/
=856  \\$31850-9999$uhttp://ukcatalogue.oup.com/$xBLDSS
=856  40$uhttp://openurl.ingenta.com/content?genre=journal&issn=0027-4631
=856  40$uhttp://www.jstor.org/journals/00274631.html
=859  \\$aELD$bejournal
=859  \\$aXLD$bejournal$cSFX
=945  \\$aMusical quarterly
=959  \\$fCurrently available
=979  \\$aBritish Library$bDSC$j5990.790000
=985  \\$aCorrected by BSS-generated file
=ACF  \\$aPrevious copyright fee: GBP12.00$c29\0$e01-jan-2004$fGBP12.00$g0$hP$5Uk
=ACF  \\$aCurrent copyright fee: GBP8.00$c29\0$e01-apr-2002$fGBP8.00$g0$hP$5Uk
=ACF  \\$aCurrent copyright fee: GBP6.00$c0$e01-jul-2001$fGBP6.00$g0$hC$5Uk
=ACF  \\$aPrevious Copyright Fee: GBP13.00$c29\0$e01-jan-2006$fGBP13.00$g0$hP$5Uk
=ACF  \\$aPrevious copyright fee: GBP14.00$c29\0$e01-jan-2008$fGBP14.00$g0$hP$5Uk
=ACF  \\$aPrevious copyright fee: GBP20.00$c29\0$e01-jan-2013$fGBP20.00$g0$hP$5Uk
=ACF  \\$aPrevious copyright fee: GBP23.00$c29\0$e01-jan-2015$fGBP23.00$g0$hP$5Uk
=ACF  \\$aPrevious copyright fee: GBP24.00$c29\0$e01-jan-2016$fGBP24.00$g0$hP$5Uk
=ACF  \\$aPrevious copyright fee: GBP26.00$c29\0$e01-jan-2017$fGBP26.00$g0$hP$5Uk
=ACF  \\$aPrevious copyright fee: GBP27.00$c29\0$e01-jan-2018$fGBP27.00$g0$hP$5Uk
=ACF  \\$aPrevious copyright fee: GBP28.00$c29\0$e01-jan-2019$fGBP28.00$g0$hP$5Uk
=ACF  \\$aPrevious Copyright Fee: GBP29.00$c29\0$e01-jan-2020$fGBP29.00$g0$hP$5Uk
=CAT  \\$aCONV$b00$c20040425$lBLL90$h0713
=CAT  \\$aBATCH-UPD$b40$c20141124$lBLL01$h1810
=CAT  \\$aBLDSS-3PM$b00$c20141208$lBLL01$h1624
=CAT  \\$aIPL-CLA$c20141231$lBLL01$h1650
=CAT  \\$aBATCH-UPD$b00$c20151119$lBLL01$h1551
=CAT  \\$aIPL-CLA$c20151231$lBLL01$h1918
=CAT  \\$aBATCH-UPD$b00$c20160524$lBLL01$h2209
=CAT  \\$aBATCH-UPD$b00$c20160525$lBLL01$h0014
=CAT  \\$aBATCH-UPD$b00$c20161122$lBLL01$h1520
=CAT  \\$aIPL-CLA$c20161230$lBLL01$h2114
=CAT  \\$aBATCH-UPD$b00$c20171121$lBLL01$h1703
=CAT  \\$aW1711-1005$c20171206$lBLL01$h1816
=CAT  \\$aIPL-CLA$c20171231$lBLL01$h1623
=CAT  \\$aBATCH-UPD$b00$c20181217$lBLL01$h1651
=CAT  \\$aIPL-CLA$c20181231$lBLL01$h1540
=CAT  \\$aW1910-0530$c20191007$lBLL01$h1114
=CAT  \\$aR1911-1518$c20191206$lBLL01$h1406
=CAT  \\$aIPL-CLA$c20191231$lBLL01$h1922
=CAT  \\$aBATCH-UPD$b00$c20220308$lBLL01$h1727
=CAT  \\$aIPL-CLA$c20220331$lBLL01$h1951
=CAT  \\$a12654$b40$c20221103$lBLL01$h1445
=CAT  \\$aS2302-1302$c20230322$lBLL01$h1708
=CAT  \\$aS2302-1302$c20230323$lBLL01$h1444
=CAT  \\$aIPL-CLA$c20230331$lBLL01$h1546
=CAT  \\$aS2304-0519$c20230412$lBLL01$h1139
=CAT  \\$aBATCH-SUPP$c20230426$lBLL01$h1108
=CFI  0\$aCurrent Copyright Fee: GBP42.00$c29\0$e01-apr-2023$fGBP42.00$g0$hP$5Uk
=CFI  2\$aPrevious copyright fee: GBP32.00$c29\0$e01-apr-2022$fGBP32.00$g0$hP$5Uk
=EST  \\$a1
=FFP  \\$aY$bBLDSS-3PM
=FIN  \\$aY$d20140128
=FIN  \\$aY$b20221103
=FMT  \\$a  SE
=LAS  \\$aBATCH-SUPP$b00$c20230426$lBLL01$h1108
=LEO  \\$aMP10.0000631741
=LEO  \\$aMP22.0000071561
=LET  \4$aThe Musical quarterly (Electronic)
=LKR  \\$aPAR$b012413892$lBLL01$r776$mThe musical quarterly (Online)$nThe Musical quarterly (Print).
=MNI  \\$a0027-4631
=SID  \\$aZ39$bOCLC
=SRC  \\$aISN01$bbibmp22.200404.2.aa
=SRC  \\$aDSS01$bbibmp10.200404.2.aa
=TCO  \\$aTRS$bCCC$c008
=TOC  \\$aETOC
=UNO  \\$aY

