=LDR  06032cas a2201369 a 4500
=001  012434473
=003  Uk
=005  20230426110820.0
=006  m\\\\\o\\d\\\\\\\\
=007  cr\mnu||||||||
=008  990326c19869999enkbr\pso\\\\\0\\\a0eng\c
=010  \\$a2008233317
=015  \\$aGBB409901$2bnb
=016  7\$a8707812$2DNLM
=016  7\$aSR0054864$2DNLM
=019  c\$a102302506
=022  0\$a1464-3804$202
=030  \\$aMUTAEX
=035  \\$a(OCoLC)41044950$z(OCoLC)70708343
=037  \\$amutage$bOxford University Press
=037  3\$aISSN_02678357$bPortico$nOxford University Press
=040  \\$aTMC$beng$cTMC$dOCL$dEYM$dOCLCQ$dPIT$dOCLCQ$dUV0$dGUA$dCUD$dOCLCQ$dGUA$dOCLCQ$dOCLCF$dUk
=042  \\$aissnuk$aukblsr
=050  14$aQH465
=060  00$aW1$bMU972M
=082  0\$a576.542$223
=130  0\$aMutagenesis (Online)
=222  \0$aMutagenesis$b(Oxford. Online)
=245  10$aMutagenesis$h[electronic resource].
=260  \\$aOxford :$bOxford University Press
=310  \\$aBimonthly
=336  \\$atext$2rdacontent
=337  \\$acomputer$2rdamedia
=338  \\$aonline resource$2rdacarrier
=362  1\$aPrint began with vol. 1, no. 1 (Jan. 1986).
=538  \\$aMode of access: World Wide Web.
=540  \\$aCurrent Copyright Fee: GBP42.00$c29\0$5Uk
=550  \\$aOfficial journal of the UK Environmental Mutagen Society.
=588  \\$aDescription based on: Vol. 11, no. 1 (Jan. 1996); title from contents screen (Oxford Journals, viewed Mar. 4, 2008).
=588  \\$aLatest issue consulted: volume 29, number 1 (January 2014) (viewed January 27, 2014).
=650  \0$aMutagenesis$vPeriodicals.
=650  \2$aMutagenicity Tests$vPeriodicals.
=650  \2$aMutagens$vPeriodicals.
=650  \7$aMutagenesis.$2fast
=655  \7$aPeriodicals.$2fast
=710  2\$aUnited Kingdom Environmental Mutagen Society.
=776  08$iAlso issued in print as:$tMutagenesis$x0267-8357
=852  41$aBritish Library$bHMNTS$jELD Digital store$3Volume 29:Number 1(2014:Jan.)-***Previous issues available in print copy
=852  41$aBritish Library$bDSC$j5991.895500$3jan-2000 VOL 15 PART 1-Volume 26:Issue 6(2011)***See ESTAR for full holdings.
=856  \\$31850-9999$uhttp://ukcatalogue.oup.com/$xBLDSS
=856  4\$uhttp://firstsearch.oclc.org/journal=0267-8357;screen=info;ECOIP$zAddress for accessing the journal from an authorized IP address through OCLC FirstSearch Electronic Collections Online
=856  40$uhttp://firstsearch.oclc.org$zAddress for accessing the journal using authorization number and password through OCLC FirstSearch Electronic Collections Online
=856  40$uhttp://mutage.oupjournals.org/
=856  40$uhttp://mutage.oxfordjournals.org/
=859  \\$aELD$bejournal
=859  \\$aXLD$bejournal$cSFX
=945  \\$aMUTAGENESIS.
=959  \\$fCurrently available
=963  \\$aCA/U-2 VOL. 1, 1986- *A=1$bN
=979  \\$aBritish Library$bDSC$j5991.895500
=985  \\$aCONFERENCE ANALYTIC RECORDS EXIST
=985  \\$aCorrected by MS generated file for WR# 12.018
=A02  \\$a102302506
=ACF  \\$aPrevious copyright fee: GBP15.00$c29\0$e01-jan-2004$fGBP15.00$g0$hP$5Uk
=ACF  \\$aCurrent copyright fee: GBP10.00$c29\0$e01-apr-2002$fGBP10.00$g0$hP$5Uk
=ACF  \\$aCurrent copyright fee: GBP13.00$c0$e01-jul-2001$fGBP13.00$g0$hC$5Uk
=ACF  \\$aPrevious copyright fee: GBP16.00$c29\0$e01-jan-2006$fGBP16.00$g0$hP$5Uk
=ACF  \\$aPrevious copyright fee: GBP18.00$c29\0$e01-jan-2008$fGBP18.00$g0$hP$5Uk
=ACF  \\$aPrevious copyright fee: GBP20.00$c29\0$e01-jan-2013$fGBP20.00$g0$hP$5Uk
=ACF  \\$aPrevious copyright fee: GBP23.00$c29\0$e01-jan-2015$fGBP23.00$g0$hP$5Uk
=ACF  \\$aPrevious copyright fee: GBP24.00$c29\0$e01-jan-2016$fGBP24.00$g0$hP$5Uk
=ACF  \\$aPrevious copyright fee: GBP26.00$c29\0$e01-jan-2017$fGBP26.00$g0$hP$5Uk
=ACF  \\$aPrevious copyright fee: GBP27.00$c29\0$e01-jan-2018$fGBP27.00$g0$hP$5Uk
=ACF  \\$aPrevious copyright fee: GBP28.00$c29\0$e01-jan-2019$fGBP28.00$g0$hP$5Uk
=ACF  \\$aPrevious Copyright Fee: GBP29.00$c29\0$e01-jan-2020$fGBP29.00$g0$hP$5Uk
=CAT  \\$aCONV$b00$c20040425$lBLL90$h0713
=CAT  \\$aIPL-CLA$c20141231$lBLL01$h1650
=CAT  \\$aBATCH-UPD$b00$c20151119$lBLL01$h1551
=CAT  \\$aIPL-CLA$c20151231$lBLL01$h1918
=CAT  \\$aBATCH-UPD$b00$c20160524$lBLL01$h2209
=CAT  \\$aBATCH-UPD$b00$c20160525$lBLL01$h0014
=CAT  \\$aBATCH-UPD$b00$c20161122$lBLL01$h1520
=CAT  \\$aIPL-CLA$c20161230$lBLL01$h2114
=CAT  \\$aBATCH-UPD$b00$c20171121$lBLL01$h1703
=CAT  \\$aW1711-1005$c20171206$lBLL01$h1816
=CAT  \\$aIPL-CLA$c20171231$lBLL01$h1623
=CAT  \\$aBATCH-UPD$b00$c20181217$lBLL01$h1651
=CAT  \\$aIPL-CLA$c20181231$lBLL01$h1540
=CAT  \\$aW1910-0530$c20191007$lBLL01$h1114
=CAT  \\$aR1911-1518$c20191206$lBLL01$h1405
=CAT  \\$aIPL-CLA$c20191231$lBLL01$h1922
=CAT  \\$a5410$b40$c20200908$lBLL01$h0930
=CAT  \\$aBATCH-UPD$b40$c20220308$lBLL01$h1727
=CAT  \\$aIPL-CLA$c20220331$lBLL01$h1951
=CAT  \\$a5410$b40$c20221009$lBLL01$h1715
=CAT  \\$a12654$b40$c20230228$lBLL01$h1141
=CAT  \\$aS2302-1302$c20230322$lBLL01$h1708
=CAT  \\$aS2302-1302$c20230323$lBLL01$h1444
=CAT  \\$aIPL-CLA$c20230331$lBLL01$h1546
=CAT  \\$aS2304-0519$c20230412$lBLL01$h1139
=CAT  \\$aBATCH-SUPP$c20230426$lBLL01$h1108
=CFI  0\$aCurrent Copyright Fee: GBP42.00$c29\0$e01-apr-2023$fGBP42.00$g0$hP$5Uk
=CFI  2\$aPrevious copyright fee: GBP32.00$c29\0$e01-apr-2022$fGBP32.00$g0$hP$5Uk
=EST  \\$a1
=FFP  \\$aY$bBLDSS-3PM
=FIN  \\$aY
=FMT  \\$a  SE
=LAS  \\$aBATCH-SUPP$b00$c20230426$lBLL01$h1108
=LEO  \\$aMP10.0000631743
=LET  \0$aMutagenesis (Online)
=LKR  \\$aPAR$b007063075$lBLL01$nMutagenesis (Print)$mMutagenesis (Online)$r776
=MNI  \\$a0267-8357
=SID  \\$aZ39$bOCLC
=SRC  \\$aDSS01$bbibmp10.200404.2.aa
=TCO  \\$aCLA$bCLA$c008
=TOC  \\$aETOC
=UNO  \\$aY

