=LDR  06522cas a2201417 a 4500
=001  012434505
=003  Uk
=005  20230426110820.0
=007  cr\mnu||||||||
=008  980928c19869999enkmr\pso\\\\\0\\\a0eng\c
=010  \\$a2008233457
=015  \\$aGBB409930$2bnb
=019  c\$a102319295
=022  0\$a1460-2385$l0931-0509$202
=035  \\$a(OCoLC)39951176$z(OCoLC)44212800$z(OCoLC)49367731
=037  \\$andt$bOxford University Press
=037  3\$aISSN_09310509$bPortico$nOxford University Press
=040  \\$aOSU$beng$cOSU$dOCL$dOCLCQ$dUX1$dGUA$dOCLCQ$dAGL$dOCLCQ$dOCLCF$dUk
=042  \\$aissnuk$aukblsr
=050  14$aRC902.A1$bN39
=070  0\$aRC902.A1$bN39
=082  04$a616.61$223
=130  0\$aNephrology dialysis transplantation (Online)
=210  0\$aNephrol. dial. transplant.$b(Online)
=222  \0$aNephrology dialysis transplantation$b(Online)
=245  10$aNephrology dialysis transplantation$h[electronic resource].
=246  10$aNDT
=260  \\$aLondon :$bSpringer International,$c1986-
=264  31$31992-$aOxford :$bOxford University Press
=310  \\$aMonthly
=336  \\$atext$2rdacontent
=337  \\$acomputer$2rdamedia
=338  \\$aonline resource$2rdacarrier
=362  1\$aPrint began with vol. 1, no. 1, published in 1986.
=538  \\$aMode of access: World Wide Web.
=540  \\$aCurrent Copyright Fee: GBP33.00$c29\0$5Uk
=550  \\$aOfficial publication of the European Dialysis and Transplant Association - European Renal Association.
=588  \\$aDescription based on: Vol. 9, no. 3 (1994); title from contents screen (OxfordJournals, viewed Apr. 3, 2008).
=588  \\$aLatest issue consulted: volume 29. issue 1 (January 2014) (viewed January 27, 2014).
=595  \\$aABSORBS 6842.968.
=650  \0$aNephrology$vPeriodicals.
=650  \0$aHemodialysis$vPeriodicals.
=650  \0$aKidneys$xTransplantation$vPeriodicals.
=650  \7$aHemodialysis.$2fast
=650  \7$aKidneys$xTransplantation.$2fast
=650  \7$aNephrology.$2fast
=655  \7$aPeriodicals.$2fast
=710  2\$aEuropean Dialysis and Transplant Association - European Renal Association.
=776  08$iAlso issued in print as:$tNephrology, dialysis, transplantation$x0931-0509
=852  41$aBritish Library$bHMNTS$jELD Digital store$3Volume 29:Issue 1(2014)-***Previous issues available in print copy
=852  41$aBritish Library$bDSC$j6075.685300$3Volume 11:Issue 7(1996)-Volume 37:Issue 11(2022)***See ESTAR for full holdings.
=856  \\$31850-9999$uhttp://ukcatalogue.oup.com/$xBLDSS
=856  4\$uhttp://firstsearch.oclc.org$zAddress for accessing the journal using authorization number and password through OCLC FirstSearch Electronic Collections Online
=856  4\$uhttp://firstsearch.oclc.org/journal=0931-0509;screen=info;ECOIP$zAddress for accessing the journal from an authorized IP address through OCLC FirstSearch Electronic Collections Online
=856  40$uhttp://ndt.oxfordjournals.org/
=856  40$uhttp://www.oup.co.uk/ndt/$zConnect to web site
=859  \\$aELD$bejournal
=859  \\$aXLD$bejournal$cSFX
=945  \\$aNEPHROLOGY DIALYSIS TRANSPLANTATION.
=959  \\$fCurrently available
=963  \\$aCA/M-7 VOL. 1, 1986- *A=1$bN$cU
=979  \\$aBritish Library$bDSC$j6075.685300
=985  \\$aCONFERENCE ANALYTIC RECORDS EXIST
=A02  \\$a102319295
=ACF  \\$aPrevious copyright fee: GBP15.00$c29\0$e01-jan-2004$fGBP15.00$g0$hP$5Uk
=ACF  \\$aCurrent copyright fee: GBP10.00$c29\0$e01-apr-2002$fGBP10.00$g0$hP$5Uk
=ACF  \\$aCurrent copyright fee: GBP13.00$c0$e01-jul-2001$fGBP13.00$g0$hC$5Uk
=ACF  \\$aPrevious copyright fee: GBP16.00$c29\0$e01-jan-2006$fGBP16.00$g0$hP$5Uk
=ACF  \\$aPrevious copyright fee: GBP18.00$c29\0$e01-jan-2008$fGBP18.00$g0$hP$5Uk
=ACF  \\$aPrevious copyright fee: GBP20.00$c29\0$e01-jan-2013$fGBP20.00$g0$hP$5Uk
=ACF  \\$aPrevious copyright fee: GBP23.00$c29\0$e01-jan-2015$fGBP23.00$g0$hP$5Uk
=ACF  \\$aPrevious copyright fee: GBP24.00$c29\0$e01-jan-2016$fGBP24.00$g0$hP$5Uk
=ACF  \\$aPrevious copyright fee: GBP26.00$c29\0$e01-jan-2017$fGBP26.00$g0$hP$5Uk
=ACF  \\$aPrevious copyright fee: GBP27.00$c29\0$e01-jan-2018$fGBP27.00$g0$hP$5Uk
=ACF  \\$aPrevious copyright fee: GBP28.00$c29\0$e01-jan-2019$fGBP28.00$g0$hP$5Uk
=ACF  \\$aPrevious Copyright Fee: GBP20.00$c29\0$e01-jan-2020$fGBP20.00$g0$hP$5Uk
=CAT  \\$aCONV$b00$c20040425$lBLL90$h0713
=CAT  \\$aBATCH-UPD$b00$c20141124$lBLL01$h1810
=CAT  \\$aBLDSS-3PM$b00$c20141208$lBLL01$h1624
=CAT  \\$aIPL-CLA$c20141231$lBLL01$h1650
=CAT  \\$aBATCH-UPD$b00$c20151119$lBLL01$h1551
=CAT  \\$aIPL-CLA$c20151231$lBLL01$h1918
=CAT  \\$aBATCH-UPD$b00$c20160523$lBLL01$h0758
=CAT  \\$aBATCH-UPD$b00$c20160524$lBLL01$h2209
=CAT  \\$aBATCH-UPD$b00$c20161122$lBLL01$h1520
=CAT  \\$aIPL-CLA$c20161230$lBLL01$h2114
=CAT  \\$aBATCH-UPD$b00$c20171121$lBLL01$h1703
=CAT  \\$aW1711-1005$c20171206$lBLL01$h1816
=CAT  \\$aIPL-CLA$c20171231$lBLL01$h1623
=CAT  \\$aBATCH-UPD$b00$c20181217$lBLL01$h1651
=CAT  \\$aIPL-CLA$c20181231$lBLL01$h1540
=CAT  \\$aW1910-0530$c20191007$lBLL01$h1114
=CAT  \\$aR1911-1518$c20191206$lBLL01$h1419
=CAT  \\$aIPL-CLA$c20191231$lBLL01$h1922
=CAT  \\$aBATCH-UPD$b00$c20220308$lBLL01$h1734
=CAT  \\$aIPL-CLA$c20220331$lBLL01$h1951
=CAT  \\$a12654$b40$c20221104$lBLL01$h1225
=CAT  \\$aS2302-1302$c20230322$lBLL01$h1708
=CAT  \\$aS2302-1302$c20230323$lBLL01$h1444
=CAT  \\$aIPL-CLA$c20230331$lBLL01$h1546
=CAT  \\$aS2304-0519$c20230412$lBLL01$h1139
=CAT  \\$aBATCH-SUPP$c20230426$lBLL01$h1108
=CFI  0\$aCurrent Copyright Fee: GBP33.00$c29\0$e01-apr-2023$fGBP33.00$g0$hP$5Uk
=CFI  2\$aPrevious copyright fee: GBP22.00$c29\0$e01-apr-2022$fGBP22.00$g0$hP$5Uk
=EST  \\$a1
=FFP  \\$aY$bBLDSS-3PM
=FIN  \\$aY
=FIN  \\$aY$b20221104
=FMT  \\$a  SE
=LAS  \\$aBATCH-SUPP$b00$c20230426$lBLL01$h1108
=LEO  \\$aMP22.0000056210
=LEO  \\$aMP10.0000631775
=LET  \0$aNephrology, dialysis, transplantation (Online)
=LKR  \\$aPAR$b007064740$lBLL01$nNephrology, dialysis, transplantation (Print)$mNephrology, dialysis, transplantation (Online)$r776
=MNI  \\$a0931-0509
=SID  \\$aZ39$bOCLC
=SRC  \\$aISN01$bbibmp22.200404.2.aa
=SRC  \\$aDSS01$bbibmp10.200404.2.aa
=TCO  \\$aDEU$bVG WORT$c008
=TOC  \\$aETOC
=UNO  \\$aY

