=LDR  05250cas a2201237 a 4500
=001  012434612
=003  Uk
=005  20230426110820.0
=006  m\\\\\o\\d\\\\\\\\
=007  cr\mnu||||||||
=008  021002c19839999enkqr\pso\\\\\0\\\a0eng\c
=010  \\$a2008233398
=015  \\$aGBB407813$2bnb
=019  c\$a102242884
=022  \\$a1476-2870$202
=035  \\$a(OCoLC)50719596$z(OCoLC)45615011$z(OCoLC)49558159$z(OCoLC)50265566$z(OCoLC)61570446
=037  \\$aoperaq$bOxford University Press
=037  3\$aISSN_07360053$bPortico$nOxford University Press
=040  \\$aF#A$beng$cF#A$dOCLCQ$dAZN$dBMC$dGUA$dOCLCQ$dAGL$dUk
=042  \\$aissnuk$aukblsr
=050  14$aML1699
=070  0\$aML1699$b.O65
=082  04$a782.105$223
=130  0\$aOpera quarterly (Online)
=210  0\$aOpera q.$b(online)
=222  \4$aThe opera quarterly$b(Online)
=245  14$aThe opera quarterly$h[electronic resource].
=260  \\$aOxford :$bOxford University Press
=310  \\$aQuarterly
=336  \\$atext$2rdacontent
=337  \\$acomputer$2rdamedia
=338  \\$aonline resource$2rdacarrier
=362  1\$aBegan with vol. 1, no. 1 (spring 1983).
=538  \\$aMode of access: World Wide Web.
=540  \\$aCurrent Copyright Fee: GBP42.00$c29\0$5Uk
=588  \\$aDescription based on first issue; title from journal information screen (ScienceDirect, viewed Mar. 4, 2013).
=588  \\$aLatest issue consulted: volume 29, number 1 (winter 2013) (Oxford Journals, viewed January 22, 2014).
=650  \0$aOpera$vPeriodicals.
=655  \0$aElectronic journals.
=776  08$iPrint version:$tOpera quarterly$x0736-0053
=852  41$aBritish Library$bHMNTS$jELD Digital store$3Volume 29:Number 3/4(2013:Autumn)-
=852  41$aBritish Library$bDSC$j6267.512000$32002 VOL 18 PART 1-Volume 27:Issue 4(2011)***See ESTAR for full holdings.
=856  \\$31850-9999$uhttp://ukcatalogue.oup.com/$xBLDSS
=856  40$uhttp://muse.jhu.edu/journals/opq/
=856  40$uhttp://oq.oxfordjournals.org/
=859  \\$aXLD$bejournal$cSFX
=859  \\$aELD$bejournal
=945  \\$aOPERA QUARTERLY.
=959  \\$fCurrently available
=963  \\$aVOL. 1, 1983- *A=1$bN$cP409.B.178
=979  \\$aBritish Library$bDSC$j6267.512000
=A02  \\$a102242884
=ACF  \\$aPrevious copyright fee: GBP9.00$c29\0$e01-jan-2004$fGBP9.00$g0$hP$5Uk
=ACF  \\$aCurrent copyright fee: GBP6.00$c29\0$e01-apr-2002$fGBP6.00$g0$hP$5Uk
=ACF  \\$aCurrent copyright fee: GBP6.00$c0$e01-jul-2000$fGBP6.00$g0$hC$5Uk
=ACF  \\$aPrevious copyright fee: GBP10.00$c29\0$e01-jan-2006$fGBP10.00$g0$hP$5Uk
=ACF  \\$aPrevious copyright fee: GBP11.00$c29\0$e01-jan-2008$fGBP11.00$g0$hP$5Uk
=ACF  \\$aPrevious copyright fee: GBP20.00$c29\0$e01-jan-2013$fGBP20.00$g0$hP$5Uk
=ACF  \\$aPrevious copyright fee: GBP23.00$c29\0$e01-jan-2015$fGBP23.00$g0$hP$5Uk
=ACF  \\$aPrevious copyright fee: GBP24.00$c29\0$e01-jan-2016$fGBP24.00$g0$hP$5Uk
=ACF  \\$aPrevious copyright fee: GBP26.00$c29\0$e01-jan-2017$fGBP26.00$g0$hP$5Uk
=ACF  \\$aPrevious copyright fee: GBP27.00$c29\0$e01-jan-2018$fGBP27.00$g0$hP$5Uk
=ACF  \\$aPrevious copyright fee: GBP28.00$c29\0$e01-jan-2019$fGBP28.00$g0$hP$5Uk
=ACF  \\$aPrevious Copyright Fee: GBP29.00$c29\0$e01-jan-2020$fGBP29.00$g0$hP$5Uk
=CAT  \\$aCONV$b00$c20040425$lBLL90$h0713
=CAT  \\$a10806$b40$c20150505$lBLL01$h1050
=CAT  \\$aBATCH-UPD$b40$c20151119$lBLL01$h1551
=CAT  \\$aIPL-CLA$c20151231$lBLL01$h1918
=CAT  \\$aBATCH-UPD$b00$c20160524$lBLL01$h2209
=CAT  \\$aBATCH-UPD$b00$c20160525$lBLL01$h0014
=CAT  \\$aBATCH-UPD$b00$c20161122$lBLL01$h1520
=CAT  \\$aIPL-CLA$c20161230$lBLL01$h2114
=CAT  \\$aBATCH-UPD$b00$c20171121$lBLL01$h1703
=CAT  \\$aW1711-1005$c20171206$lBLL01$h1816
=CAT  \\$aIPL-CLA$c20171231$lBLL01$h1623
=CAT  \\$aBATCH-UPD$b00$c20181217$lBLL01$h1651
=CAT  \\$aIPL-CLA$c20181231$lBLL01$h1540
=CAT  \\$aW1910-0530$c20191007$lBLL01$h1114
=CAT  \\$aR1911-1518$c20191206$lBLL01$h1405
=CAT  \\$aIPL-CLA$c20191231$lBLL01$h1922
=CAT  \\$a5410$b40$c20200831$lBLL01$h0026
=CAT  \\$aBATCH-UPD$b40$c20220308$lBLL01$h1727
=CAT  \\$aIPL-CLA$c20220331$lBLL01$h1951
=CAT  \\$a5410$b40$c20221010$lBLL01$h1228
=CAT  \\$a12654$b40$c20230228$lBLL01$h1229
=CAT  \\$aS2302-1302$c20230322$lBLL01$h1708
=CAT  \\$aS2302-1302$c20230323$lBLL01$h1444
=CAT  \\$aIPL-CLA$c20230331$lBLL01$h1546
=CAT  \\$aS2304-0519$c20230412$lBLL01$h1139
=CAT  \\$aBATCH-SUPP$c20230426$lBLL01$h1108
=CFI  0\$aCurrent Copyright Fee: GBP42.00$c29\0$e01-apr-2023$fGBP42.00$g0$hP$5Uk
=CFI  2\$aPrevious copyright fee: GBP32.00$c29\0$e01-apr-2022$fGBP32.00$g0$hP$5Uk
=EST  \\$a1
=FFP  \\$aY$bBLDSS-3PM
=FIN  \\$aY$d20140122
=FMT  \\$a  SE
=LAS  \\$aBATCH-SUPP$b00$c20230426$lBLL01$h1108
=LEO  \\$aMP10.0000631882
=LET  \0$aOpera quarterly (Electronic)
=LKR  \\$aPAR$b007183414$lBLL01$r776$mOpera quarterly (online)$nOpera quarterly (Print)
=MNI  \\$a0736-0053
=SID  \\$aZ39$bOCLC
=SRC  \\$aDSS01$bbibmp10.200404.2.aa
=TCO  \\$aCLA$bCLA$c008
=TOC  \\$aETOC
=UNO  \\$aY

