=LDR  05574cas a2201285 a 4500
=001  012434645
=003  Uk
=005  20230426110820.0
=006  m\\\\\o\\d\\\\\\\\
=007  cr\bnu||||||||
=008  040402c19789999enktr\pso\o\\\0\\\a0eng\c
=010  \\$a2005236624
=015  \\$aGBB409931$2bnb
=016  7\$a025603132$2DE-101
=016  7\$a2134496-6$2DE-600
=022  0\$a1741-7287$y0142-6540$l0142-6540$202
=035  \\$a(OCoLC)54857465
=037  \\$aoxartj$bOxford University Press
=037  3\$aISSN_01426540$bPortico$nOxford University Press
=040  \\$aAMH$beng$cAMH$dOCLCQ$dOCL$dOCLCQ$dHNK$dEYM$dHUL$dOCL$dEEM$dOCLCQ$dGBVCP$dAGL$dOCLCQ$dOCLCF$dUk
=042  \\$apcc$aissnuk$aukblsr
=050  14$aN1
=070  0\$aN1$b.O96
=082  04$a700.5$223
=130  0\$aOxford art journal (Online)
=210  0\$aOxf. art j.$b(Online)
=222  \0$aOxford art journal$b(Online)
=245  10$aOxford art journal$h[electronic resource].
=260  \\$aOxford :$bOxford University Press,$c1978-
=310  \\$aThree times a year,$b2004-
=321  \\$aSemiannual,$b1978-2003
=336  \\$atext$2rdacontent
=337  \\$acomputer$2rdamedia
=338  \\$aonline resource$2rdacarrier
=362  0\$a[No. 1 (Oct. 1978)]-
=500  \\$aPrinted by: Didcot Press, 1978; published by: Setsquare and Oxford Litho Plates, 1979; OLP Graphics, 1980-1982; Oxford Microform Publications, 1983-1984; Oxford University Press, 1985-.
=500  \\$aTitle from title screen (JSTOR, viewed Apr. 13, 2005).
=515  \\$aIssue for 1978 lacks numbering, but constitutes no. 1.
=530  \\$aAlso issued in print.
=538  \\$aMode of access: World Wide Web.
=540  \\$aCurrent Copyright Fee: GBP42.00$c29\0$5Uk
=588  \\$aLatest issue consulted: volume 36, issue 3 (December 2013), viewed on Oxford University Press website, January 28, 2014.
=595  \\$aSEE ALSO CARD INDEX.
=650  \0$aArt$vPeriodicals.
=776  08$iPrint version:$tOxford art journal$x0142-6540
=852  41$aBritish Library$bHMNTS$jELD Digital store$3Volume 37:Issue 1(2014)-***Previous issues available in print copy
=852  41$aBritish Library$bDSC$j6320.597000$32004 VOL 27 PART 1-Volume 44:Issue 2(2021)***See ESTAR for full holdings.
=856  \\$31850-9999$uhttp://ukcatalogue.oup.com/$xBLDSS
=856  40$uhttp://oaj.oxfordjournals.org/
=859  \\$aELD$bejournal
=859  \\$aXLD$bejournal$cSFX
=945  \\$aOxford art journal
=959  \\$fCurrently available
=963  \\$aNO. 2, 1979- *A=1$bY$cL400.B.660
=979  \\$aBritish Library$bDSC$j6320.597000
=A02  \\$a102121571
=ACF  \\$aPrevious copyright fee: GBP9.00$c29\0$e01-jan-2004$fGBP9.00$g0$hP$5Uk
=ACF  \\$aCurrent copyright fee: GBP6.00$c29\0$e01-apr-2002$fGBP6.00$g0$hP$5Uk
=ACF  \\$aCurrent copyright fee: GBP6.00$c0$e01-jul-2000$fGBP6.00$g0$hC$5Uk
=ACF  \\$aPrevious copyright fee: GBP10.00$c29\0$e01-jan-2006$fGBP10.00$g0$hP$5Uk
=ACF  \\$aPrevious copyright fee: GBP11.00$c29\0$e01-jan-2008$fGBP11.00$g0$hP$5Uk
=ACF  \\$aPrevious copyright fee: GBP20.00$c29\0$e01-jan-2013$fGBP20.00$g0$hP$5Uk
=ACF  \\$aPrevious copyright fee: GBP23.00$c29\0$e01-jan-2015$fGBP23.00$g0$hP$5Uk
=ACF  \\$aPrevious copyright fee: GBP24.00$c29\0$e01-jan-2016$fGBP24.00$g0$hP$5Uk
=ACF  \\$aPrevious copyright fee: GBP26.00$c29\0$e01-jan-2017$fGBP26.00$g0$hP$5Uk
=ACF  \\$aPrevious copyright fee: GBP27.00$c29\0$e01-jan-2018$fGBP27.00$g0$hP$5Uk
=ACF  \\$aPrevious copyright fee: GBP28.00$c29\0$e01-jan-2019$fGBP28.00$g0$hP$5Uk
=ACF  \\$aPrevious Copyright Fee: GBP29.00$c29\0$e01-jan-2020$fGBP29.00$g0$hP$5Uk
=CAT  \\$aCONV$b00$c20040425$lBLL90$h0713
=CAT  \\$aBATCH-UPD$b00$c20141124$lBLL01$h1810
=CAT  \\$aBLDSS-3PM$b00$c20141208$lBLL01$h1624
=CAT  \\$aIPL-CLA$c20141231$lBLL01$h1650
=CAT  \\$aBATCH-UPD$b00$c20151119$lBLL01$h1551
=CAT  \\$aIPL-CLA$c20151231$lBLL01$h1918
=CAT  \\$aBATCH-UPD$b00$c20160524$lBLL01$h2209
=CAT  \\$aBATCH-UPD$b00$c20160525$lBLL01$h0014
=CAT  \\$aBATCH-UPD$b00$c20161122$lBLL01$h1520
=CAT  \\$aIPL-CLA$c20161230$lBLL01$h2114
=CAT  \\$aBATCH-UPD$b00$c20171121$lBLL01$h1703
=CAT  \\$aW1711-1005$c20171206$lBLL01$h1816
=CAT  \\$aIPL-CLA$c20171231$lBLL01$h1623
=CAT  \\$aBATCH-UPD$b00$c20181217$lBLL01$h1651
=CAT  \\$aIPL-CLA$c20181231$lBLL01$h1540
=CAT  \\$aW1910-0530$c20191007$lBLL01$h1114
=CAT  \\$aR1911-1518$c20191206$lBLL01$h1405
=CAT  \\$aIPL-CLA$c20191231$lBLL01$h1922
=CAT  \\$aBATCH-UPD$b00$c20220308$lBLL01$h1727
=CAT  \\$aIPL-CLA$c20220331$lBLL01$h1951
=CAT  \\$a12654$b40$c20221104$lBLL01$h1131
=CAT  \\$aS2302-1302$c20230322$lBLL01$h1708
=CAT  \\$aS2302-1302$c20230323$lBLL01$h1444
=CAT  \\$aIPL-CLA$c20230331$lBLL01$h1546
=CAT  \\$aS2304-0519$c20230412$lBLL01$h1139
=CAT  \\$aBATCH-SUPP$c20230426$lBLL01$h1108
=CFI  0\$aCurrent Copyright Fee: GBP42.00$c29\0$e01-apr-2023$fGBP42.00$g0$hP$5Uk
=CFI  2\$aPrevious copyright fee: GBP32.00$c29\0$e01-apr-2022$fGBP32.00$g0$hP$5Uk
=EST  \\$a1
=FFP  \\$aY$bBLDSS-3PM
=FIN  \\$aY
=FIN  \\$aY$d20221104
=FMT  \\$a  SE
=LAS  \\$aBATCH-SUPP$b00$c20230426$lBLL01$h1108
=LEO  \\$aMP10.0000631915
=LKR  \\$aPAR$b010547123$lBLL01$r77608$mOxford art journal (Online)$nOxford art journal
=MNI  \\$a0142-6540
=SID  \\$aZ39$bOCLC
=SRC  \\$aDSS01$bbibmp10.200404.2.aa
=TCO  \\$aCLA$bCLA$c008
=TOC  \\$aETOC
=UNO  \\$aY

