=LDR  05401cas a2201249 a 4500
=001  012434647
=003  Uk
=005  20230426110820.0
=006  m\\\\\o\\d\\\\\\\\
=007  cr\an|||||||||
=008  020612c19389999enkqr\pso\\\\\0\\\a0eng\c
=010  \\$a2002227026$z00238357
=015  \\$aGBB409960$2bnb
=019  c\$a102121579
=022  0\$a1464-3812$y0030-7653$202
=035  \\$a(OCoLC)49976273$z(OCoLC)41981613$z(OCoLC)48406892
=037  \\$aoep$bOxford University Press
=037  3\$aISSN_00307653$bPortico$nOxford University Press
=040  \\$aEYM$beng$cEYM$dOCLCQ$dF#A$dCSL$dIUL$dCIT$dGUA$dOCLCQ$dOCLCF$dUk
=042  \\$apcc$aissnuk$aukblsr
=050  14$aHB31
=082  04$a330.05$223
=130  0\$aOxford economic papers (Online)
=210  0\$aOxf. econ. pap.$b(Oxf.)
=222  \0$aOxford economic papers$b(Online)
=245  10$aOxford economic papers$h[electronic resource].
=260  \\$aOxford :$bClarendon Press,$c1938-
=260  3\$aOxford :$bOxford University Press
=310  \\$aQuarterly,$b1987-
=321  \\$aIrregular,$b1938-1986
=336  \\$atext$2rdacontent
=337  \\$acomputer$2rdamedia
=338  \\$aonline resource$2rdacarrier
=362  0\$aNo. 1 (Oct. 1938)-no. 8 (Nov. 1947) ; new ser., v. 1, no. 1 (Jan. 1949)-
=500  \\$aTitle from title screen (viewed June 12, 2002).
=530  \\$aAlso issued in print.
=538  \\$aMode of access: World Wide Web.
=540  \\$aCurrent Copyright Fee: GBP33.00$c29\0$5Uk
=588  \\$aLatest issue consulted: volume 66, issue 1 (January 2014), viewed on publisher's website, January 28, 2014.
=595  \\$aSEE ALSO 9352.927 FOR OTHER CUL HOLDINGS.
=650  \0$aEconomics$vPeriodicals.
=690  7\$aManagement and Business Studies$2blcoll
=776  08$iAlso issue in print as:$tOxford economic papers$x0030-7653
=852  41$aBritish Library$bHMNTS$jELD Digital store$3Volume 66:Number 1(2014:Jan.)-***Previous issues available in print copy
=852  41$aBritish Library$bDSC$j6320.700000$3jan-2000 VOL 52 PART 1-Volume 63:Issue 4(2011)***See ESTAR for full holdings.
=856  \\$31850-9999$uhttp://ukcatalogue.oup.com/$xBLDSS
=856  40$uhttp://oep.oxfordjournals.org/
=859  \\$aXLD$bejournal$cSFX
=859  \\$aELD$bejournal
=945  \\$aOxford economic papers
=959  \\$fCurrently available
=963  \\$aVOL. 1, 1938- *A=1$bY$cP220.C.127
=979  \\$aBritish Library$bDSC$j6320.700000
=A02  \\$a102121579
=ACF  \\$aPrevious copyright fee: GBP15.00$c29\0$e01-jan-2004$fGBP15.00$g0$hP$5Uk
=ACF  \\$aCurrent copyright fee: GBP10.00$c29\0$e01-apr-2002$fGBP10.00$g0$hP$5Uk
=ACF  \\$aCurrent copyright fee: GBP10.00$c0$e01-jul-2000$fGBP10.00$g0$hC$5Uk
=ACF  \\$aPrevious copyright fee: GBP16.00$c29\0$e01-jan-2006$fGBP16.00$g0$hP$5Uk
=ACF  \\$aPrevious copyright fee: GBP18.00$c29\0$e01-jan-2008$fGBP18.00$g0$hP$5Uk
=ACF  \\$aPrevious copyright fee: GBP20.00$c29\0$e01-jan-2013$fGBP20.00$g0$hP$5Uk
=ACF  \\$aPrevious copyright fee: GBP23.00$c29\0$e01-jan-2015$fGBP23.00$g0$hP$5Uk
=ACF  \\$aPrevious copyright fee: GBP24.00$c29\0$e01-jan-2016$fGBP24.00$g0$hP$5Uk
=ACF  \\$aPrevious copyright fee: GBP26.00$c29\0$e01-jan-2017$fGBP26.00$g0$hP$5Uk
=ACF  \\$aPrevious copyright fee: GBP27.00$c29\0$e01-jan-2018$fGBP27.00$g0$hP$5Uk
=ACF  \\$aPrevious copyright fee: GBP28.00$c29\0$e01-jan-2019$fGBP28.00$g0$hP$5Uk
=ACF  \\$aPrevious Copyright Fee: GBP20.00$c29\0$e01-jan-2020$fGBP20.00$g0$hP$5Uk
=CAT  \\$aCONV$b00$c20040425$lBLL90$h0713
=CAT  \\$aIPL-CLA$c20141231$lBLL01$h1650
=CAT  \\$aBATCH-UPD$b00$c20151119$lBLL01$h1551
=CAT  \\$aIPL-CLA$c20151231$lBLL01$h1919
=CAT  \\$aBATCH-UPD$b00$c20160524$lBLL01$h2209
=CAT  \\$aBATCH-UPD$b00$c20160525$lBLL01$h0014
=CAT  \\$aBATCH-UPD$b00$c20161122$lBLL01$h1520
=CAT  \\$aIPL-CLA$c20161230$lBLL01$h2114
=CAT  \\$aBATCH-UPD$b00$c20171121$lBLL01$h1703
=CAT  \\$aW1711-1005$c20171206$lBLL01$h1816
=CAT  \\$aIPL-CLA$c20171231$lBLL01$h1623
=CAT  \\$aBATCH-UPD$b00$c20181217$lBLL01$h1651
=CAT  \\$aIPL-CLA$c20181231$lBLL01$h1540
=CAT  \\$aW1910-0530$c20191007$lBLL01$h1114
=CAT  \\$aR1911-1518$c20191206$lBLL01$h1419
=CAT  \\$aIPL-CLA$c20191231$lBLL01$h1922
=CAT  \\$a5410$b40$c20200828$lBLL01$h0008
=CAT  \\$aBATCH-UPD$b40$c20220308$lBLL01$h1734
=CAT  \\$aIPL-CLA$c20220331$lBLL01$h1951
=CAT  \\$a5410$b40$c20221012$lBLL01$h0815
=CAT  \\$a12654$b40$c20230302$lBLL01$h0835
=CAT  \\$aS2302-1302$c20230322$lBLL01$h1708
=CAT  \\$aS2302-1302$c20230323$lBLL01$h1444
=CAT  \\$aIPL-CLA$c20230331$lBLL01$h1546
=CAT  \\$aS2304-0519$c20230412$lBLL01$h1139
=CAT  \\$aBATCH-SUPP$c20230426$lBLL01$h1108
=CFI  0\$aCurrent Copyright Fee: GBP33.00$c29\0$e01-apr-2023$fGBP33.00$g0$hP$5Uk
=CFI  2\$aPrevious copyright fee: GBP22.00$c29\0$e01-apr-2022$fGBP22.00$g0$hP$5Uk
=EST  \\$a1
=FFP  \\$aY$bBLDSS-3PM
=FIN  \\$aY
=FMT  \\$a  SE
=LAS  \\$aBATCH-SUPP$b00$c20230426$lBLL01$h1108
=LEO  \\$aMP10.0000631917
=LKR  \\$aPAR$b009543374$lBLL01$r77608$mOxford economic papers (Online)$nOxford economic papers
=MNI  \\$a0030-7653
=SID  \\$aZ39$bOCLC
=SRC  \\$aDSS01$bbibmp10.200404.2.aa
=TCO  \\$aCLA$bCLA$c008
=TOC  \\$aETOC
=UNO  \\$aY

