=LDR  05464cas a2201261 a 4500
=001  012434649
=003  Uk
=005  20230426110820.0
=006  m\\\\\o\\d\\\\\\\\
=007  cr\mnu||||||||
=008  991103c19819999enkqr\pso\gv\\0\\\a0eng\c
=010  \\$a2004252115
=015  \\$aGBB409994$2bnb
=019  c\$a102121589
=022  0\$a1464-3820$y0143-6503$202
=035  \\$a(OCoLC)42756970$z(OCoLC)53480319
=037  \\$aoxjlsj$bOxford University Press
=037  3\$aISSN_01436503$bPortico$nOxford University Press
=040  \\$aLRW$beng$cLRW$dOCL$dOCLCQ$dWAU$dEYM$dOCLCQ$dOCL$dOCLCQ$dAGL$dOCLCQ$dOCLCF$dUk
=042  \\$apcc$aissnuk$aukblsr
=043  \\$ae-uk-en
=050  14$aK15
=070  0\$aK15$b.O94
=082  04$a340.05$223
=130  0\$aOxford journal of legal studies (Online)
=222  \0$aOxford journal of legal studies$b(Online)
=245  10$aOxford journal of legal studies$h[electronic resource].
=260  \\$aOxford ;$aNew York :$bOxford University Press,$c1981-
=310  \\$aQuarterly,$b1989-
=321  \\$aThree issues yearly,$b1981-1988
=336  \\$atext$2rdacontent
=337  \\$acomputer$2rdamedia
=338  \\$aonline resource$2rdacarrier
=362  0\$aVol. 1, [no. 1 (spring 1981)]-
=500  \\$aTitle from title screen (HEIN, viewed Jan. 28, 2003).
=538  \\$aMode of access: World Wide Web.
=540  \\$aCurrent Copyright Fee: GBP42.00$c29\0$5Uk
=550  \\$aPublished on behalf of the Faculty of Law, University of Oxford.
=588  \\$aLatest issue consulted: Vol. 33, issue 4 (Winter 2013), viewed January 28, 2013.
=650  \0$aLaw$vPeriodicals.
=650  \0$aLaw reviews$vPeriodicals.
=710  2\$aUniversity of Oxford.$bFaculty of Law.
=776  08$iPrint version:$tOxford journal of legal studies$x0143-6503
=852  41$aBritish Library$bHMNTS$jELD Digital store$3Volume 34:Number 1(2014:Spring)-***Previous issues available in print copy
=852  41$aBritish Library$bDSC$j6321.005850$32000 VOL 20 PART 1-Volume 31:Issue 4(2011)***See ESTAR for full holdings.
=856  \\$31850-9999$uhttp://ukcatalogue.oup.com/$xBLDSS
=856  40$uhttp://ojls.oxfordjournals.org/
=859  \\$aELD$bejournal
=859  \\$aXLD$bejournal$cSFX
=945  \\$aOXFORD JOURNAL OF LEGAL STUDIES.
=959  \\$fCurrently available
=963  \\$aVOL. 1, 1981- *A=1$bY$cP250.C.423
=979  \\$aBritish Library$bDSC$j6321.005850
=985  \\$aCorrected by BSS-generated file for WR# 08/157
=A02  \\$a102121589
=ACF  \\$aPrevious copyright fee: GBP15.00$c29\0$e01-jan-2004$fGBP15.00$g0$hP$5Uk
=ACF  \\$aCurrent copyright fee: GBP10.00$c29\0$e01-apr-2002$fGBP10.00$g0$hP$5Uk
=ACF  \\$aCurrent copyright fee: GBP10.00$c0$e01-jul-2001$fGBP10.00$g0$hC$5Uk
=ACF  \\$aPrevious copyright fee: GBP16.00$c29\0$e01-jan-2006$fGBP16.00$g0$hP$5Uk
=ACF  \\$aPrevious copyright fee: GBP18.00$c29\0$e01-jan-2008$fGBP18.00$g0$hP$5Uk
=ACF  \\$aPrevious copyright fee: GBP20.00$c29\0$e01-jan-2013$fGBP20.00$g0$hP$5Uk
=ACF  \\$aPrevious copyright fee: GBP23.00$c29\0$e01-jan-2015$fGBP23.00$g0$hP$5Uk
=ACF  \\$aPrevious copyright fee: GBP24.00$c29\0$e01-jan-2016$fGBP24.00$g0$hP$5Uk
=ACF  \\$aPrevious copyright fee: GBP26.00$c29\0$e01-jan-2017$fGBP26.00$g0$hP$5Uk
=ACF  \\$aPrevious copyright fee: GBP27.00$c29\0$e01-jan-2018$fGBP27.00$g0$hP$5Uk
=ACF  \\$aPrevious copyright fee: GBP28.00$c29\0$e01-jan-2019$fGBP28.00$g0$hP$5Uk
=ACF  \\$aPrevious Copyright Fee: GBP29.00$c29\0$e01-jan-2020$fGBP29.00$g0$hP$5Uk
=CAT  \\$aCONV$b00$c20040425$lBLL90$h0713
=CAT  \\$aIPL-CLA$c20141231$lBLL01$h1650
=CAT  \\$aBATCH-UPD$b00$c20151119$lBLL01$h1551
=CAT  \\$aIPL-CLA$c20151231$lBLL01$h1919
=CAT  \\$aBATCH-UPD$b00$c20160524$lBLL01$h2209
=CAT  \\$aBATCH-UPD$b00$c20160525$lBLL01$h0014
=CAT  \\$aBATCH-UPD$b00$c20161122$lBLL01$h1520
=CAT  \\$aIPL-CLA$c20161230$lBLL01$h2114
=CAT  \\$aBATCH-UPD$b00$c20171121$lBLL01$h1703
=CAT  \\$aW1711-1005$c20171206$lBLL01$h1816
=CAT  \\$aIPL-CLA$c20171231$lBLL01$h1623
=CAT  \\$aBATCH-UPD$b00$c20181217$lBLL01$h1651
=CAT  \\$aIPL-CLA$c20181231$lBLL01$h1540
=CAT  \\$aW1910-0530$c20191007$lBLL01$h1114
=CAT  \\$aR1911-1518$c20191206$lBLL01$h1405
=CAT  \\$aIPL-CLA$c20191231$lBLL01$h1922
=CAT  \\$a5410$b40$c20200828$lBLL01$h0004
=CAT  \\$aBATCH-UPD$b40$c20220308$lBLL01$h1727
=CAT  \\$aIPL-CLA$c20220331$lBLL01$h1951
=CAT  \\$a5410$b40$c20221012$lBLL01$h0817
=CAT  \\$a12654$b40$c20230302$lBLL01$h0850
=CAT  \\$aS2302-1302$c20230322$lBLL01$h1708
=CAT  \\$aS2302-1302$c20230323$lBLL01$h1444
=CAT  \\$aIPL-CLA$c20230331$lBLL01$h1546
=CAT  \\$aS2304-0519$c20230412$lBLL01$h1139
=CAT  \\$aBATCH-SUPP$c20230426$lBLL01$h1108
=CFI  0\$aCurrent Copyright Fee: GBP42.00$c29\0$e01-apr-2023$fGBP42.00$g0$hP$5Uk
=CFI  2\$aPrevious copyright fee: GBP32.00$c29\0$e01-apr-2022$fGBP32.00$g0$hP$5Uk
=EST  \\$a1
=FFP  \\$aY$bBLDSS-3PM
=FIN  \\$aY$d20140128
=FMT  \\$a  SE
=LAS  \\$aBATCH-SUPP$b00$c20230426$lBLL01$h1108
=LEO  \\$aMP10.0000631919
=LKR  \\$aPAR$b010552777$lBLL01$r77608$mOxford journal of legal studies (Online)$nOxford journal of legal studies
=MNI  \\$a0143-6503
=SID  \\$aZ39$bOCLC
=SRC  \\$aDSS01$bbibmp10.200404.2.aa
=TCO  \\$aCLA$bCLA$c008
=TOC  \\$aETOC
=UNO  \\$aY

