=LDR  06893cas a2201465 a 4500
=001  012434663
=003  Uk
=005  20230426110820.0
=006  m\\\\fo\\d\\\\\\\\
=007  cr\mnu||||||||
=008  990831c20009999ncumr\poo\\\\\0\\\a0eng\c
=010  \\$asn 99004374
=015  \\$aGBB349405$2bnb
=019  c\$a102587586
=022  0\$a1526-4637$l1526-2375$y1526-2375$202
=035  \\$a(OCoLC)42267277$z(OCoLC)45119055$z(OCoLC)223439277
=037  \\$aISSN_15262375$bPortico$nWiley
=037  2\$apainmedicine$bOxford University Press
=037  3\$aISSN_15262375_4$bPortico$nOxford University Press
=040  \\$aNSD$cNSD$dMYG$dNSD$dWAU$dNSD$dWAU$dOCLCQ$dWAU$dOCLCQ$dMUQ$dOCLCQ$dUQ1$dOCLCQ$dCLU$dSERSO$dOCLCQ$dUk
=042  \\$aukblsr$aissnuk
=050  14$aQP401$b.P35
=082  04$a616.047205$223
=130  0\$aPain medicine (Malden, Mass. : Online)
=210  0\$aPain med.$b(Malden Mass., Online)
=222  \0$aPain medicine$b(Malden, Mass. Online)
=245  10$aPain medicine$h[electronic resource].
=260  \\$32000- :$aMalden, MA :$bBlackwell Science, Inc.,$cc2000-
=260  2\$3<2010-2012>$aHoboken, NJ :$bWiley-Blackwell
=264  21$3<2012>-2015$aMalden :$bJohn Wiley & Sons Inc
=264  31$32016-$a[Cary, North Carolina] :$bOxford University Press
=310  \\$aMonthly,$b<2010->
=321  \\$aQuarterly,$b2000-
=336  \\$atext$2rdacontent
=337  \\$acomputer$2rdamedia
=338  \\$aonline resource$2rdacarrier
=362  0\$aVol. 1, issue 1 (Mar. 2000)-
=540  \\$aCurrent Copyright Fee: GBP32.00$c29\0$5Uk
=550  \\$aOfficial journal of the American Academy of Pain Medicine, the Faculty of Pain Medicine of the Australian and New Zealand College of Anaesthetists and the International Spine Intervention Society, <2010->.
=588  \\$aTitle from table of contents page (publisher Web site, viewed Nov. 3, 2000).
=588  \\$aLatest issue consulted: volume 17, issue 1 (1 January 2016) (Oxford Journals website, viewed January 29, 2016).
=650  \0$aPain$vPeriodicals.
=650  \0$aPain$xTreatment$vPeriodicals.
=650  \0$aAnalgesics$vPeriodicals.
=650  12$aPain$vPeriodicals.
=650  12$aPain Management$vPeriodicals.
=650  \6$aDouleur$vPeÌriodiques.
=650  \6$aDouleur$xTraitement$vPeÌriodiques.
=650  \6$aAnalgeÌsiques$vPeÌriodiques.
=650  \7$aAnalgeÌsique$2rasuqam
=650  \7$aSoulagement de la douleur$2rasuqam
=655  \7$aPeÌriodique eÌlectronique (Descripteur de forme)$2rasuqam
=655  \7$aRessource Internet (Descripteur de forme)$2rasuqam
=710  2\$aAmerican Academy of Pain Medicine.
=710  2\$aAustralian and New Zealand College of Anaesthetists.$bFaculty of Pain Medicine.
=710  2\$aInternational Spine Intervention Society.
=776  08$iAlso issued in print:$tPain medicine$x1526-2375
=852  41$aBritish Library$bHMNTS$jELD Digital store$3Volume 14:Issue 1(2013)-
=852  41$aBritish Library$bDSC$j6333.806000$3Volume 1:Issue 1(2000)-Volume 19:Issue 2(2018)***See ESTAR for full holdings.
=856  \\$31850-9999$uhttp://onlinelibrary.wiley.com/$xBLDSS
=856  40$uhttp://firstsearch.oclc.org$zAddress for accessing the journal using authorization number and password through OCLC FirstSearch Electronic Collections Online
=856  40$uhttp://firstsearch.oclc.org/journal=1526-2375;screen=info;ECOIP$zAddress for accessing the journal from an authorized IP address through OCLC FirstSearch Electronic Collections Online
=856  40$uhttp://onlinelibrary.wiley.com/journal/10.1111/(ISSN)1526-4637
=856  40$uhttp://www.blackwell-synergy.com/member/institutions/issuelist.asp?journal=pme
=856  40$uhttp://painmedicine.oxfordjournals.org/
=859  \\$aELD$bejournal
=859  \\$aXLD$bejournal$cSFX
=945  \\$aPain medicine
=959  \\$fCurrently available
=979  \\$aBritish Library$bDSC$j6333.806000
=985  \\$aCorrected by MS generated file for WR# 12.018
=985  \\$aCONFERENCE ANALYTIC RECORDS EXIST
=985  \\$aISSN responsibility transferred from the US Center 3.2.16 (multinational publisher).
=A02  \\$a102587586
=ACF  \\$aCurrent copyright fee: GBP13.00$c10\0$e01-apr-2003$fGBP13.00$g0$hP$5Uk
=ACF  \\$aCurrent copyright fee: GBP13.00$c10\2$e01-jan-2002$fGBP13.00$g0$hP$5Uk
=ACF  \\$aPrevious copyright fee: GBP15.00$c10\0$e01-apr-2004$fGBP15.00$g0$hP$5Uk
=ACF  \\$aPrevious copyright fee: GBP24.00$c10\0$e01-mar-2015$fGBP24.00$g0$hP$5Uk
=ACF  \\$aPrevious copyright fee: GBP22.00$c10\0$e01-jan-2006$fGBP22.00$g0$hP$5Uk
=ACF  \\$aPrevious copyright fee: GBP24.00$c29\0$e24-feb-2016$fGBP24.00$g0$hP$5Uk
=ACF  \\$aPrevious copyright fee: GBP26.00$c29\0$e01-jan-2017$fGBP26.00$g0$hP$5Uk
=ACF  \\$aPrevious copyright fee: GBP27.00$c29\0$e01-jan-2018$fGBP27.00$g0$hP$5Uk
=ACF  \\$aPrevious copyright fee: GBP28.00$c29\0$e01-jan-2019$fGBP28.00$g0$hP$5Uk
=ACF  \\$aPrevious Copyright Fee: GBP20.00$c29\0$e01-jan-2020$fGBP20.00$g0$hP$5Uk
=CAT  \\$aCONV$b00$c20040425$lBLL90$h0713
=CAT  \\$aIPL-CLA$c20150228$lBLL01$h2047
=CAT  \\$a10806$b40$c20160129$lBLL01$h1447
=CAT  \\$a10973$b40$c20160204$lBLL01$h1456
=CAT  \\$a5552$b40$c20160224$lBLL01$h1048
=CAT  \\$a14448$b40$c20160224$lBLL01$h1438
=CAT  \\$aBATCH-UPD$b40$c20160517$lBLL01$h1501
=CAT  \\$aBATCH-UPD$b40$c20161122$lBLL01$h1520
=CAT  \\$aIPL-CLA$c20161230$lBLL01$h2114
=CAT  \\$a10983$b40$c20170306$lBLL01$h1602
=CAT  \\$aBATCH-UPD$b40$c20171121$lBLL01$h1703
=CAT  \\$aW1711-1005$c20171206$lBLL01$h1816
=CAT  \\$aIPL-CLA$c20171231$lBLL01$h1623
=CAT  \\$aBATCH-UPD$b00$c20181217$lBLL01$h1651
=CAT  \\$aIPL-CLA$c20181231$lBLL01$h1540
=CAT  \\$a15005$b40$c20191014$lBLL01$h1112
=CAT  \\$aR1911-1518$c20191206$lBLL01$h1419
=CAT  \\$aIPL-CLA$c20191231$lBLL01$h1922
=CAT  \\$aBATCH-UPD$b00$c20220308$lBLL01$h1734
=CAT  \\$aIPL-CLA$c20220331$lBLL01$h1951
=CAT  \\$a8055$b40$c20221214$lBLL01$h1608
=CAT  \\$aS2302-1302$c20230322$lBLL01$h1708
=CAT  \\$aS2302-1302$c20230323$lBLL01$h1444
=CAT  \\$aIPL-CLA$c20230331$lBLL01$h1546
=CAT  \\$aS2304-0519$c20230412$lBLL01$h1139
=CAT  \\$aBATCH-SUPP$c20230426$lBLL01$h1108
=CFI  0\$aCurrent Copyright Fee: GBP32.00$c29\0$e01-apr-2023$fGBP32.00$g0$hP$5Uk
=CFI  2\$aPrevious copyright fee: GBP22.00$c29\0$e01-apr-2022$fGBP22.00$g0$hP$5Uk
=EST  \\$a1
=FFP  \\$aY$bBLDSS-3PM
=FIN  \\$aY
=FMT  \\$a  SE
=LAS  \\$aBATCH-SUPP$b00$c20230426$lBLL01$h1108
=LEO  \\$aMP10.0000631933
=LKR  \\$aPAR$b007187550$lBLL01$nPain medicine (Print)$mPain medicine (Online)$r776
=MNI  \\$a1526-2375
=SID  \\$aZ39$bOCLC
=SRC  \\$aDSS01$bbibmp10.200404.2.aa
=TCO  \\$aTRS$bCCC$c008
=TOC  \\$aETOC
=UNO  \\$aY

