=LDR  06522cas a2201429 a 4500
=001  012434673
=003  Uk
=005  20230426110820.0
=006  m\\\\\o\\d\\\\\\\\
=007  cr\cn|||||||||
=008  020207c19479999enkqr\pso\o\\\0\\\a0eng\c
=010  \\$a2002238601
=015  \\$aGBB411336$2bnb
=019  c\$a102122886
=022  0\$a1460-2482$202
=035  \\$a(OCoLC)48954892$z(OCoLC)43933826$z(OCoLC)48450436
=037  3\$aISSN_00312290$bPortico$nOxford University Press
=040  \\$aWYU$beng$cWYU$dIUL$dLVB$dOCLCQ$dF#A$dOCLCQ$dOCLCF$dUk
=042  \\$aukblsr$aissnuk
=043  \\$ae-uk---
=050  \4$aJN101
=082  04$a328.4105$223
=130  0\$aParliamentary affairs (Online)
=210  0\$aParliam. aff.$b(Online)
=222  \0$aParliamentary affairs$b(Online)
=245  10$aParliamentary affairs$h[electronic resource].
=260  \\$aOxford, UK :$bOxford University Press
=264  31$aOxford :$bOxford University Press in association with the Hansard Society
=310  \\$aQuarterly
=336  \\$atext$2rdacontent
=337  \\$acomputer$2rdamedia
=338  \\$aonline resource$2rdacarrier
=362  1\$aPrint began in 1947.
=500  \\$aAbstracts and table of contents for 1996- also available online.
=540  \\$aCurrent Copyright Fee: GBP42.00$c29\0$5Uk
=550  \\$aPublished by Oxford University Press on behalf of Hansard Society.
=588  \\$aDescription based on: Vol. 51, issue 4 (Oct. 1998); title from introductory screen, viewed June 10, 2002.
=588  \\$aLatest issue consulted: volume 67, number 1 (January 2014) (Oxford Journals website, viewed January 28, 2014).
=610  10$aGreat Britain.$bParliament$vPeriodicals.
=610  17$aGreat Britain.$bParliament.$2fast
=650  \0$aRepresentative government and representation$vPeriodicals.
=650  \0$aLegislative bodies$vPeriodicals.
=650  \7$aLegislative bodies.$2fast
=650  \7$aPolitical science.$2fast
=650  \7$aRepresentative government and representation.$2fast
=651  \0$aGreat Britain$xPolitics and government$vPeriodicals.
=651  \7$aGreat Britain.$2fast
=655  \7$aPeriodicals.$2fast
=710  2\$aHansard Society for Parliamentary Government.
=710  2\$aOxford University Press.
=776  08$iAlso issued in print as:$tParliamentary affairs$x0031-2290
=852  41$aBritish Library$bHMNTS$jELD Digital store$3Volume 67:Issue 1(2014)-***Previous issues available in print copy
=852  41$aBritish Library$bDSC$j6406.840000$3jan-2000 VOL 53 PART 1-Volume 75:Issue 4(2022)***See ESTAR for full holdings.
=856  \\$31850-9999$uhttp://ukcatalogue.oup.com/$xBLDSS
=856  4\$uhttp://firstsearch.oclc.org$zAddress for accessing the journal using authorization number and password through OCLC FirstSearch Electronic Collections Online
=856  4\$uhttp://firstsearch.oclc.org/journal=0031-2290;screen=info;ECOIP$zAddress for accessing the journal from an authorized IP address through OCLC FirstSearch Electronic Collections Online
=856  40$uhttp://pa.oxfordjournals.org/
=856  40$uhttp://www3.oup.co.uk/parlij
=859  \\$aELD$bejournal
=859  \\$aXLD$bejournal$cSFX
=945  \\$aPARLIAMENTARY AFFAIRS.
=959  \\$fCurrently available
=963  \\$aVOL. 1, 1947- 33(3), 1980 *A=1$bY$cRCS.PER.1952
=979  \\$aBritish Library$bDSC$j6406.840000
=985  \\$aCorrected by BSS-generated file for WR# 08/157
=A02  \\$a102122886
=ACF  \\$aPrevious copyright fee: GBP12.00$c29\0$e01-jan-2004$fGBP12.00$g0$hP$5Uk
=ACF  \\$aCurrent copyright fee: GBP8.00$c29\0$e01-apr-2002$fGBP8.00$g0$hP$5Uk
=ACF  \\$aCurrent copyright fee: GBP8.00$c0$e01-jul-2000$fGBP8.00$g0$hC$5Uk
=ACF  \\$aPrevious copyright fee: GBP13.00$c29\0$e01-jan-2006$fGBP13.00$g0$hP$5Uk
=ACF  \\$aPrevious copyright fee: GBP14.00$c29\0$e01-jan-2008$fGBP14.00$g0$hP$5Uk
=ACF  \\$aPrevious copyright fee: GBP20.00$c29\0$e01-jan-2013$fGBP20.00$g0$hP$5Uk
=ACF  \\$aPrevious copyright fee: GBP23.00$c29\0$e01-jan-2015$fGBP23.00$g0$hP$5Uk
=ACF  \\$aPrevious copyright fee: GBP24.00$c29\0$e01-jan-2016$fGBP24.00$g0$hP$5Uk
=ACF  \\$aPrevious copyright fee: GBP26.00$c29\0$e01-jan-2017$fGBP26.00$g0$hP$5Uk
=ACF  \\$aPrevious copyright fee: GBP27.00$c29\0$e01-jan-2018$fGBP27.00$g0$hP$5Uk
=ACF  \\$aPrevious copyright fee: GBP28.00$c29\0$e01-jan-2019$fGBP28.00$g0$hP$5Uk
=ACF  \\$aPrevious Copyright Fee: GBP29.00$c29\0$e01-jan-2020$fGBP29.00$g0$hP$5Uk
=CAT  \\$aCONV$b00$c20040425$lBLL90$h0713
=CAT  \\$aBATCH-UPD$b40$c20141124$lBLL01$h1810
=CAT  \\$aBLDSS-3PM$b00$c20141208$lBLL01$h1624
=CAT  \\$aIPL-CLA$c20141231$lBLL01$h1650
=CAT  \\$aBATCH-UPD$b00$c20151119$lBLL01$h1551
=CAT  \\$aIPL-CLA$c20151231$lBLL01$h1919
=CAT  \\$aBATCH-UPD$b00$c20160524$lBLL01$h2209
=CAT  \\$aBATCH-UPD$b00$c20160525$lBLL01$h0014
=CAT  \\$aBATCH-UPD$b00$c20161122$lBLL01$h1520
=CAT  \\$aIPL-CLA$c20161230$lBLL01$h2114
=CAT  \\$aBATCH-UPD$b00$c20171121$lBLL01$h1703
=CAT  \\$aW1711-1005$c20171206$lBLL01$h1816
=CAT  \\$aIPL-CLA$c20171231$lBLL01$h1623
=CAT  \\$aBATCH-UPD$b00$c20181217$lBLL01$h1651
=CAT  \\$aIPL-CLA$c20181231$lBLL01$h1540
=CAT  \\$aW1910-0530$c20191007$lBLL01$h1114
=CAT  \\$aR1911-1518$c20191206$lBLL01$h1406
=CAT  \\$aIPL-CLA$c20191231$lBLL01$h1922
=CAT  \\$aBATCH-UPD$b00$c20220308$lBLL01$h1727
=CAT  \\$aIPL-CLA$c20220331$lBLL01$h1951
=CAT  \\$a12654$b40$c20221129$lBLL01$h1141
=CAT  \\$aS2302-1302$c20230322$lBLL01$h1708
=CAT  \\$aS2302-1302$c20230323$lBLL01$h1444
=CAT  \\$aIPL-CLA$c20230331$lBLL01$h1546
=CAT  \\$aS2304-0519$c20230412$lBLL01$h1139
=CAT  \\$aBATCH-SUPP$c20230426$lBLL01$h1108
=CFI  0\$aCurrent Copyright Fee: GBP42.00$c29\0$e01-apr-2023$fGBP42.00$g0$hP$5Uk
=CFI  2\$aPrevious copyright fee: GBP32.00$c29\0$e01-apr-2022$fGBP32.00$g0$hP$5Uk
=EST  \\$a1
=FFP  \\$aY$bBLDSS-3PM
=FIN  \\$aY
=FMT  \\$a  SE
=LAS  \\$aBATCH-SUPP$b00$c20230426$lBLL01$h1108
=LEO  \\$aMP22.0000056218
=LEO  \\$aMP10.0000631943
=LET  \0$aParliamentary affairs (Online)
=LKR  \\$aPAR$b009543397$lBLL01$nParliamentary affairs (Print)$mParliamentary affairs (Online)$r776
=MNI  \\$a0031-2290
=SID  \\$aZ39$bOCLC
=SRC  \\$aISN01$bbibmp22.200404.2.aa
=SRC  \\$aDSS01$bbibmp10.200404.2.aa
=TCO  \\$aCLA$bCLA$c008
=TOC  \\$aETOC
=UNO  \\$aY

