=LDR  05901cas a2201333 a 4500
=001  012434716
=003  Uk
=005  20230426110820.0
=006  m\\\\\o\\d\\\\\\\\
=007  cr\|||||||||||
=008  981014c19509999enkqr\pso\o\\\0\\\a0eng\c
=010  \\$asn 98023309 $z  2002238574
=015  \\$aGBB350679$2bnb
=019  c\$a102124381
=022  0\$a1467-9213$202
=035  \\$a(OCoLC)40108893
=037  \\$aISSN_00318094$bPortico$nWiley
=037  2\$apq$bOxford University Press
=037  3\$aISSN_00318094_4$bPortico$nOxford University Press
=040  \\$aMiU$beng$cMiU$dInU$dMiU$dOCoLC$dCPT$dGU$dOCoLC$dUk
=042  \\$aukblsr$aissnuk
=050  14$aB1
=082  04$a105$223
=130  0\$aPhilosophical quarterly (Online)
=210  0\$aPhilos. q.$b(Online)
=222  \0$aPhilosophical quarterly$b(Online)
=245  14$aThe philosophical quarterly$h[electronic resource].
=260  \\$aSt. Andrews, Scotland :$bUniversity of St. Andrews for the Scots Philosophical Club,$c1950-
=264  21$a[Oxford?] :$bWiley-Blackwell
=264  31$a[Oxford] :$bOxford University Press
=310  \\$aQuarterly
=336  \\$atext$2rdacontent
=337  \\$acomputer$2rdamedia
=338  \\$aonline resource$2rdacarrier
=362  0\$aVol. 1, no. 1 (Oct. 1950)-
=500  \\$aPublished: St. Andrews, Scotland : University of St. Andrews, 1950-1982; Oxford : Blackwell, 1983-.
=515  \\$aFour issues per v., issue numbers are independent of v. numbering.
=530  \\$aAlso issued in print.
=538  \\$aMode of access: World Wide Web.
=540  \\$aCurrent Copyright Fee: GBP32.00$c29\0$5Uk
=588  \\$aDescription based on JSTOR World Wide Web homepage; title from title screen (viewed Dec. 29, 1998).
=588  \\$aLatest issue consulted: volume 64, number 254 (January 2014) (Oxford Journals, viewed January 22, 2014).
=650  \0$aPhilosophy$vPeriodicals.
=710  2\$aUniversity of St. Andrews.
=710  2\$aScots Philosophical Club.
=776  1\$tPhilosophical quarterly$x0031-8094
=852  41$aBritish Library$bHMNTS$jELD Digital store$3Volume 63:Number 250(2013:Jan.)-***Previous issues available in print copy
=852  41$aBritish Library$bDSC$j6462.300000$3Volume 46:Issue 182(1996)-Volume 61:Issue 245(2011)***See ESTAR for full holdings.
=856  \\$31850-9999$uhttp://ukcatalogue.oup.com/$xBLDSS
=856  40$uhttp://pq.oxfordjournals.org/
=856  40$uhttp://www.ingenta.com/journals/browse/bpl/phiq
=856  40$uhttp://www.jstor.org/journals/00318094.html
=859  \\$aELD$bejournal
=859  \\$aXLD$bejournal$cSFX
=945  \\$aPHILOSOPHICAL QUARTERLY -EDINBURGH-.
=959  \\$fCurrently available
=979  \\$aBritish Library$bDSC$j6462.300000
=ACF  \\$aPrevious copyright fee: GBP16.00$c10\0$e01-jan-2006$fGBP16.00$g0$hP$5Uk
=ACF  \\$aPrevious copyright fee: GBP15.00$c10\0$e01-apr-2004$fGBP15.00$g0$hP$5Uk
=ACF  \\$aCurrent copyright fee: GBP13.00$c10\0$e01-apr-2003$fGBP13.00$g0$hP$5Uk
=ACF  \\$aCurrent copyright fee: GBP13.00$c10\6$e01-apr-2002$fGBP13.00$g0$hP$5Uk
=ACF  \\$aPrevious copyright fee: GBP22.00$c10\0$e01-jan-2011$fGBP22.00$g0$hP$5Uk
=ACF  \\$aPrevious copyright fee: GBP17.00$c10\0$e01-jan-2009$fGBP17.00$g0$hP$5Uk
=ACF  \\$aPrevious copyright fee: GBP20.00$c29\0$e12-jul-2013$fGBP20.00$g0$hP$5Uk
=ACF  \\$aPrevious copyright fee: GBP23.00$c29\0$e01-jan-2015$fGBP23.00$g0$hP$5Uk
=ACF  \\$aPrevious copyright fee: GBP24.00$c29\0$e01-jan-2016$fGBP24.00$g0$hP$5Uk
=ACF  \\$aPrevious copyright fee: GBP26.00$c29\0$e01-jan-2017$fGBP26.00$g0$hP$5Uk
=ACF  \\$aPrevious copyright fee: GBP27.00$c29\0$e01-jan-2018$fGBP27.00$g0$hP$5Uk
=ACF  \\$aPrevious copyright fee: GBP28.00$c29\0$e01-jan-2019$fGBP28.00$g0$hP$5Uk
=ACF  \\$aPrevious Copyright Fee: GBP20.00$c29\0$e01-jan-2020$fGBP20.00$g0$hP$5Uk
=CAT  \\$aCONV$b00$c20040425$lBLL90$h0713
=CAT  \\$aBATCH-UPD$b40$c20151119$lBLL01$h1551
=CAT  \\$aIPL-CLA$c20151231$lBLL01$h1919
=CAT  \\$aBATCH-UPD$b00$c20160524$lBLL01$h2209
=CAT  \\$aBATCH-UPD$b00$c20160525$lBLL01$h0014
=CAT  \\$aBATCH-UPD$b00$c20161122$lBLL01$h1520
=CAT  \\$aIPL-CLA$c20161230$lBLL01$h2114
=CAT  \\$aBATCH-UPD$b00$c20171121$lBLL01$h1703
=CAT  \\$aW1711-1005$c20171206$lBLL01$h1816
=CAT  \\$aIPL-CLA$c20171231$lBLL01$h1623
=CAT  \\$a11033$b40$c20180222$lBLL01$h1550
=CAT  \\$aBATCH-UPD$b40$c20181217$lBLL01$h1651
=CAT  \\$aIPL-CLA$c20181231$lBLL01$h1540
=CAT  \\$a15005$b40$c20191014$lBLL01$h1045
=CAT  \\$aR1911-1518$c20191206$lBLL01$h1419
=CAT  \\$aIPL-CLA$c20191231$lBLL01$h1922
=CAT  \\$a5410$b40$c20200820$lBLL01$h2113
=CAT  \\$aBATCH-UPD$b40$c20220308$lBLL01$h1734
=CAT  \\$aIPL-CLA$c20220331$lBLL01$h1951
=CAT  \\$a5410$b40$c20221012$lBLL01$h0831
=CAT  \\$a12654$b40$c20230302$lBLL01$h0936
=CAT  \\$aS2302-1302$c20230322$lBLL01$h1708
=CAT  \\$aS2302-1302$c20230323$lBLL01$h1444
=CAT  \\$aIPL-CLA$c20230331$lBLL01$h1546
=CAT  \\$aS2304-0519$c20230412$lBLL01$h1139
=CAT  \\$aBATCH-SUPP$c20230426$lBLL01$h1108
=CFI  0\$aCurrent Copyright Fee: GBP32.00$c29\0$e01-apr-2023$fGBP32.00$g0$hP$5Uk
=CFI  2\$aPrevious copyright fee: GBP22.00$c29\0$e01-apr-2022$fGBP22.00$g0$hP$5Uk
=EST  \\$a1
=FFP  \\$aY$bBLDSS-3PM
=FIN  \\$aY$d20140122
=FMT  \\$a  SE
=LAS  \\$aBATCH-SUPP$b00$c20230426$lBLL01$h1108
=LEO  \\$aMP10.0000631986
=LEO  \\$aMP22.0000062165
=LET  \0$aPhilosophical quarterly (Electronic)
=LKR  \\$aPAR$b007862157$lBLL01$r776$mPhilosophical quarterly (Online)$nPhilosophical quarterly (Print)
=MNI  \\$a0031-8094
=SRC  \\$aISN01$bbibmp22.200404.2.aa
=SRC  \\$aDSS01$bbibmp10.200404.2.aa
=SRC  \\$aBLL02
=TCO  \\$aCLA$bCLA$c008
=TOC  \\$aETOC
=UNO  \\$aY

