=LDR  06320cas a2201417 a 4500
=001  012434750
=003  Uk
=005  20230426110820.0
=006  m\\\\\o\\d\\\\\\\\
=007  cr\cn|||||||||
=008  000928c19599999enkmr\pso\\\\\0\\\a0eng\c
=010  \\$a2002238641
=015  \\$aGBB411371$2bnb
=019  c\$a102125165
=022  0\$a1471-9053$202
=035  \\$a(OCoLC)45088618
=037  \\$apcp$bOxford University Press
=037  3\$aISSN_00320781$bPortico$nOxford University Press
=040  \\$aPIT$beng$cPIT$dOCL$dEYM$dOCLCQ$dIUL$dOCLCQ$dOCL$dOCLCQ$dCIT$dOCLCQ$dSERSO$dOCLCQ$dOCLCF$dUk
=042  \\$aukblsr$aissnuk
=050  14$aQK710$b.P55
=082  04$a571.205$223
=130  0\$aPlant & cell physiology (Online)
=222  \0$aPlant & cell physiology$b(Online)
=245  10$aPlant & cell physiology$h[electronic resource].
=246  3\$aPlant and cell physiology
=246  10$aPCP
=260  \\$aOxford :$bOxford University Press
=310  \\$aMonthly
=336  \\$atext$2rdacontent
=337  \\$acomputer$2rdamedia
=338  \\$aonline resource$2rdacarrier
=362  1\$aPrint began in 1959.
=510  2\$aChemical abstracts,$x0009-2258
=530  \\$aAlso issued in print.
=538  \\$aMode of access: World Wide Web.
=540  \\$aCurrent Copyright Fee: GBP32.00$c29\0$5Uk
=550  \\$aPublished for The Japanese Society of Plant Physiologists by Oxford University Press with the assistance of HighWire Press.
=588  \\$aDescription based on: Vol. 41, no. 7 (July 2000); title from introductory page (viewed June 20, 2002).
=588  \\$aLatest issue consulted: volume 55, 1 (January 2014) (Oxford Journals website, viewed January 28, 2014).
=595  \\$aSEE ALSO CARD INDEX AND OXULS AND LULS.
=650  \0$aPlant physiology$vPeriodicals.
=650  \0$aMicrobiology$vPeriodicals.
=650  \0$aCytology$vPeriodicals.
=650  \2$aCell Physiology$vPeriodicals.
=650  \2$aPlant Physiological Phenomena$vPeriodicals.
=650  \7$aCytology.$2fast
=650  \7$aMicrobiology.$2fast
=650  \7$aPlant physiology.$2fast
=655  \7$aPeriodicals.$2fast
=710  2\$aNihon Shokubutsu Seiri Gakkai.
=776  0\$tPlant and cell physiology$x0032-0781
=776  1\$tPlant and cell physiology$x0032-0781
=852  41$aBritish Library$bHMNTS$jELD Digital store$3Volume 55:Number 1(2014:Jan.)-***Previous issues available in print copy
=852  41$aBritish Library$bDSC$j6512.250000$3Volume 41:Part 7(2000)-Volume 52:Issue 12(2011)***See ESTAR for full holdings.
=856  \\$31850-9999$uhttp://ukcatalogue.oup.com/$xBLDSS
=856  4\$uhttp://firstsearch.oclc.org$zAddress for accessing the journal using authorization number and password through OCLC FirstSearch Electronic Collections Online
=856  4\$uhttp://firstsearch.oclc.org/journal=0032-0781;screen=info;ECOIP$zAddress for accessing the journal from an authorized IP address through OCLC FirstSearch Electronic Collections Online
=856  40$uhttp://pcp.oupjournals.org/
=856  40$uhttp://pcp.oxfordjournals.org/
=859  \\$aELD$bejournal
=859  \\$aXLD$bejournal$cSFX
=945  \\$aPlant and cell physiology
=959  \\$fCurrently available
=979  \\$aBritish Library$bDSC$j6512.250000
=A02  \\$a102125165
=ACF  \\$aPrevious copyright fee: GBP15.00$c29\0$e01-jan-2004$fGBP15.00$g0$hP$5Uk
=ACF  \\$aCurrent copyright fee: GBP10.00$c29\0$e01-apr-2002$fGBP10.00$g0$hP$5Uk
=ACF  \\$aCurrent copyright fee: GBP10.00$c0$e01-jul-2001$fGBP10.00$g0$hC$5Uk
=ACF  \\$aPrevious Copyright Fee: GBP16.00$c29\0$e01-jan-2006$fGBP16.00$g0$hP$5Uk
=ACF  \\$aPrevious copyright fee: GBP18.00$c29\0$e01-jan-2008$fGBP18.00$g0$hP$5Uk
=ACF  \\$aPrevious copyright fee: GBP20.00$c29\0$e01-jan-2013$fGBP20.00$g0$hP$5Uk
=ACF  \\$aPrevious copyright fee: GBP23.00$c29\0$e01-jan-2015$fGBP23.00$g0$hP$5Uk
=ACF  \\$aPrevious copyright fee: GBP24.00$c29\0$e01-jan-2016$fGBP24.00$g0$hP$5Uk
=ACF  \\$aPrevious copyright fee: GBP26.00$c29\0$e01-jan-2017$fGBP26.00$g0$hP$5Uk
=ACF  \\$aPrevious copyright fee: GBP27.00$c29\0$e01-jan-2018$fGBP27.00$g0$hP$5Uk
=ACF  \\$aPrevious copyright fee: GBP28.00$c29\0$e01-jan-2019$fGBP28.00$g0$hP$5Uk
=ACF  \\$aPrevious Copyright Fee: GBP20.00$c29\0$e01-jan-2020$fGBP20.00$g0$hP$5Uk
=CAT  \\$aCONV$b00$c20040425$lBLL90$h0713
=CAT  \\$aBLDSS-3PM$b00$c20141208$lBLL01$h1624
=CAT  \\$aIPL-CLA$c20141231$lBLL01$h1650
=CAT  \\$aBATCH-UPD$b00$c20151119$lBLL01$h1551
=CAT  \\$aIPL-CLA$c20151231$lBLL01$h1919
=CAT  \\$aBATCH-UPD$b00$c20160524$lBLL01$h2209
=CAT  \\$aBATCH-UPD$b00$c20160525$lBLL01$h0014
=CAT  \\$aBATCH-UPD$b00$c20161122$lBLL01$h1520
=CAT  \\$aIPL-CLA$c20161230$lBLL01$h2114
=CAT  \\$aBATCH-UPD$b00$c20171121$lBLL01$h1703
=CAT  \\$aW1711-1005$c20171206$lBLL01$h1816
=CAT  \\$aIPL-CLA$c20171231$lBLL01$h1623
=CAT  \\$aBATCH-UPD$b00$c20181217$lBLL01$h1651
=CAT  \\$aIPL-CLA$c20181231$lBLL01$h1540
=CAT  \\$aW1910-0530$c20191007$lBLL01$h1114
=CAT  \\$aR1911-1518$c20191206$lBLL01$h1419
=CAT  \\$aIPL-CLA$c20191231$lBLL01$h1922
=CAT  \\$a5410$b40$c20200818$lBLL01$h1936
=CAT  \\$aBATCH-UPD$b40$c20220308$lBLL01$h1734
=CAT  \\$aIPL-CLA$c20220331$lBLL01$h1951
=CAT  \\$a12654$b40$c20230302$lBLL01$h0949
=CAT  \\$aS2302-1302$c20230322$lBLL01$h1708
=CAT  \\$aS2302-1302$c20230323$lBLL01$h1444
=CAT  \\$aIPL-CLA$c20230331$lBLL01$h1546
=CAT  \\$aS2304-0519$c20230412$lBLL01$h1139
=CAT  \\$aBATCH-SUPP$c20230426$lBLL01$h1108
=CFI  0\$aCurrent Copyright Fee: GBP32.00$c29\0$e01-apr-2023$fGBP32.00$g0$hP$5Uk
=CFI  2\$aPrevious copyright fee: GBP22.00$c29\0$e01-apr-2022$fGBP22.00$g0$hP$5Uk
=EST  \\$a1
=FFP  \\$aY$bBLDSS-3PM
=FIN  \\$aY
=FMT  \\$a  SE
=LAS  \\$aBATCH-SUPP$b00$c20230426$lBLL01$h1108
=LEO  \\$aMP10.0000632020
=LET  \0$aPlant and cell physiology (Online)
=LKR  \\$aPAR$b008210913$lBLL01$r776$mPlant and cell physiology (Online)$nPlant and cell physiology (Print)
=MNI  \\$a0032-0781
=SID  \\$aZ39$bOCLC
=SRC  \\$aDSS01$bbibmp10.200404.2.aa
=TCO  \\$aJPN$bJAACC$c008
=TCO  \\$aCLA$bCLA$c008
=TOC  \\$aETOC
=UNO  \\$aY

