=LDR  06351cas a2201321 i 4500
=001  012434804
=003  Uk
=005  20230426110820.0
=006  m\\\\\\\\d\\\\\\\\
=007  cr||||||||||||
=008  040410c18889999enktr\p\o\\\\\1\\\a0eng\\
=015  \\$aGBB352428$2bnb
=019  c\$a102128172
=022  0\$a1467-9264$202
=037  \\$aISSN_00667374$bPortico$nWiley
=037  2\$aaristotelian$bOxford University Press
=037  3\$nOxford University Press$aISSN_00667374_4$bPortico
=040  \\$aUk$beng$cUk$dUk
=042  \\$aissnuk$aukblsr
=082  04$a100$223
=210  0\$aProc. Aristot. Soc.$b(Online)
=222  \0$aProceedings of the Aristotelian Society$b(Online)
=245  00$aProceedings of the Aristotelian Society for the Systematic Study of Philosophy.
=246  1\$iMinor title change:$aProceedings of the Aristotelian Society,$f1900-
=246  13$aProceedings of the Aristotelian Society (Hardback)
=264  \1$aLondon :$bWilliams and Norgate
=264  21$3<October 2007>-$a[Oxford] :$b[Blackwell]
=264  31$32016-$a[Oxford] :$bOxford University Press
=310  \\$aThree issues yearly,$b2007-
=321  \\$aAnnual,$b1888-2006
=336  \\$atext$2rdacontent
=337  \\$acomputer$2rdamedia
=338  \\$aonline resource$2rdacarrier
=362  0\$aVol. 1, no. 1 (1888)-v. 3, no. 2 (1896) ; new ser., v. 1 (1900/1901)-
=540  \\$aCurrent Copyright Fee: GBP32.00$c29\0$5Uk
=580  \\$aFrom 2007- issues are cumulated by the annual print volume.
=588  \\$aDescription based on print version record.
=588  \\$aLatest issue consulted: volume 116, issue 1 (1 April 2016) (viewed July 7, 2016).
=610  20$aAristotelian Society (Great Britain)$vPeriodicals.
=650  \0$aPhilosophy$vPeriodicals.
=710  2\$aAristotelian Society (Great Britain),$eissuing body.
=770  0\$tSupplementary volume (Aristotelian Society (Great Britain))$x1467-8349
=776  08$iAlso issued in print as:$tProceedings of the Aristotelian Society for the Systematic Study of Philosophy$x0066-7374
=776  08$iAlso issued in print as:$tProceedings of the Aristotelian Society (Paperback edition)$g<vol. 91 (1991)>-vol. 106 (2006)
=780  00$tProceedings of the Aristotelian Society (Paperback edition)$g2007-
=787  1\$tProceedings of the Aristotelian Society for the Systematic Study of Philosophy$x0066-7374
=852  41$aBritish Library$bDSC$j6648.800000$32000 VOL 100 PART 2-Volume 114:Issue 3:Part 3(2014)***See ESTAR for full holdings.
=852  41$aBritish Library$bHMNTS$jELD Digital store$3Volume os1:Issue 3(1890)-***Previous issues available in print copy
=856  \\$31850-9999$uhttp://onlinelibrary.wiley.com/$xBLDSS
=856  40$31888-<2011>$uhttp://www.jstor.org/journals/00667374.html
=856  40$32000-$ahttp://onlinelibrary.wiley.com/journal/10.1111/(ISSN)1467-9264
=856  40$uhttp://firstsearch.oclc.org$zAddress for accessing the journal using authorization number and password through OCLC FirstSearch Electronic Collections Online
=856  40$uhttp://aristotelian.oxfordjournals.org/
=859  \\$aELD$bejournal
=859  \\$aXLD$bejournal$cSFX
=945  \\$aProceedings- Aristotelian Society
=959  \\$fCurrently available
=979  \\$aBritish Library$bDSC$j6648.800000
=A02  \\$a102128172
=ACF  \\$aPrevious Copyright Fee: GBP16.00$c10\0$e01-jan-2006$fGBP16.00$g0$hP$5Uk
=ACF  \\$aPrevious copyright fee: GBP15.00$c10\0$e01-apr-2004$fGBP15.00$g0$hP$5Uk
=ACF  \\$aCurrent copyright fee: GBP13.00$c10\0$e01-apr-2003$fGBP13.00$g0$hP$5Uk
=ACF  \\$aCurrent copyright fee: GBP13.00$c10\6$e01-apr-2002$fGBP13.00$g0$hP$5Uk
=ACF  \\$aPrevious copyright fee: GBP17.00$c10\0$e01-jan-2009$fGBP17.00$g0$hP$5Uk
=ACF  \\$aPrevious copyright fee: GBP24.00$c10\0$e01-mar-2015$fGBP24.00$g0$hP$5Uk
=ACF  \\$aPrevious copyright fee: GBP22.00$c10\0$e01-jan-2011$fGBP22.00$g0$hP$5Uk
=ACF  \\$aPrevious copyright fee: GBP24.00$c29\0$e24-feb-2016$fGBP24.00$g0$hP$5Uk
=ACF  \\$aPrevious copyright fee: GBP26.00$c29\0$e01-jan-2017$fGBP26.00$g0$hP$5Uk
=ACF  \\$aPrevious copyright fee: GBP27.00$c29\0$e01-jan-2018$fGBP27.00$g0$hP$5Uk
=ACF  \\$aPrevious copyright fee: GBP28.00$c29\0$e01-jan-2019$fGBP28.00$g0$hP$5Uk
=ACF  \\$aPrevious Copyright Fee: GBP20.00$c29\0$e01-jan-2020$fGBP20.00$g0$hP$5Uk
=CAT  \\$aCONV$b00$c20040425$lBLL90$h0713
=CAT  \\$aIPL-CLA$c20150228$lBLL01$h2047
=CAT  \\$aCDS15-UPD$b40$c20150918$lBLL01$h1639
=CAT  \\$a5552$b40$c20160224$lBLL01$h0904
=CAT  \\$a10806$b40$c20160707$lBLL01$h1405
=CAT  \\$aBATCH-UPD$b40$c20161122$lBLL01$h1520
=CAT  \\$aIPL-CLA$c20161230$lBLL01$h2114
=CAT  \\$a10983$b40$c20170306$lBLL01$h1603
=CAT  \\$aBATCH-UPD$b40$c20171121$lBLL01$h1703
=CAT  \\$aW1711-1005$c20171206$lBLL01$h1816
=CAT  \\$aIPL-CLA$c20171231$lBLL01$h1623
=CAT  \\$aBATCH-UPD$b00$c20181217$lBLL01$h1651
=CAT  \\$aIPL-CLA$c20181231$lBLL01$h1540
=CAT  \\$a15005$b40$c20191014$lBLL01$h1116
=CAT  \\$aR1911-1518$c20191206$lBLL01$h1419
=CAT  \\$aIPL-CLA$c20191231$lBLL01$h1922
=CAT  \\$a5410$b40$c20200801$lBLL01$h2045
=CAT  \\$aBATCH-UPD$b40$c20220308$lBLL01$h1734
=CAT  \\$aIPL-CLA$c20220331$lBLL01$h1951
=CAT  \\$a12654$b40$c20230302$lBLL01$h1129
=CAT  \\$aS2302-1302$c20230322$lBLL01$h1707
=CAT  \\$aS2302-1302$c20230322$lBLL01$h1708
=CAT  \\$aS2302-1302$c20230323$lBLL01$h1443
=CAT  \\$aIPL-CLA$c20230331$lBLL01$h1546
=CAT  \\$a12654$b40$c20230404$lBLL01$h0858
=CAT  \\$aBATCH-SUPP$c20230426$lBLL01$h1108
=CFI  0\$aCurrent Copyright Fee: GBP32.00$c29\0$e01-apr-2023$fGBP32.00$g0$hP$5Uk
=CFI  2\$aPrevious copyright fee: GBP22.00$c29\0$e01-apr-2022$fGBP22.00$g0$hP$5Uk
=EST  \\$a1
=FFP  \\$aY$bBLDSS-3PM
=FIN  \\$aY
=FMT  \\$a  SE
=LAS  \\$aBATCH-SUPP$b00$c20230426$lBLL01$h1108
=LEO  \\$aMP10.0000632074
=LEO  \\$aMP22.0000062170
=LKR  \\$aPAR$b016425642$lBLL01$nProceedings of the Aristotelian Society (Paperback edition)$mProceedings of the Aristotelian Society (Online)$r78000
=MNI  \\$a0066-7374
=SRC  \\$aISN01$bbibmp22.200404.2.aa
=SRC  \\$aDSS01$bbibmp10.200404.2.aa
=TCO  \\$aCLA$bCLA$c008
=TOC  \\$aETOC
=UNO  \\$aY

