=LDR  06874cas a2201441 a 4500
=001  012434839
=003  Uk
=005  20230426110821.0
=006  m\\\\\\\\d\\\\\\\\
=007  cr\mn|||||||||
=008  040120c20049999enkmr\pss\\\\\0\\\a0eng\d
=010  \\$a  2005263203
=015  \\$aGBB271288$2bnb
=019  c\$a103018866
=022  0\$a1741-0134$y1741-0126$202
=030  \\$aPEDSBR
=035  \\$a(OCoLC)54050849
=037  \\$aproeng$bOxford University Press
=037  3\$aISSN_17410126$bPortico$nOxford University Press
=040  \\$aCPV$cCPV$dOUCA$dOCoLC$dViU-H$dOCoLC$dTxCM$dViRCU$dUk
=042  \\$aissnuk$aukblsr
=050  14$aTP248.P77$bP763
=082  04$a660.63$223
=130  0\$aProtein engineering, design & selection (Online)
=210  0\$aProtein eng., design sel.$b(Online)
=222  \0$aProtein engineering, design & selection$b(Online)
=245  10$aProtein engineering, design & selection$h[electronic resource] :$bPEDS.
=246  30$aPEDS
=246  3\$aProtein engineering, design and selection
=260  \\$aOxford :$bOxford University Press
=310  \\$aMonthly
=336  \\$atext$2rdacontent
=337  \\$acomputer$2rdamedia
=338  \\$aonline resource$2rdacarrier
=362  0\$aVol. 17, no. 1 (Jan. 2004)-
=500  \\$aTitle from issue table of contents (Oxford Journals, viewed July 14, 2005).
=500  \\$aLatest issue consulted: volume 27, number 2 (February 2014) (viewed February 4, 2014).
=540  \\$aCurrent Copyright Fee: GBP42.00$c29\0$5Uk
=580  \\$aIncludes issues of earlier title: Protein engineering.
=650  \0$aProtein engineering$vPeriodicals.
=710  2\$aAntibody Society,$eissuing body.
=710  2\$aOxford University Press.
=776  08$iAlso issued in print:$tProtein engineering, design & selection$x1741-0126
=780  10$tProtein engineering (Online)$x1460-213X
=852  41$aBritish Library$bHMNTS$jELD Digital store$3Volume 27:Issue 1(2014)-***Previous issues available in print copy
=852  41$aBritish Library$bDSC$j6936.055000$3jan-2004 VOL 17 ISS 1-Volume 32:Issue 4(2019)***See ESTAR for full holdings.
=856  \\$31850-9999$uhttp://ukcatalogue.oup.com/$xBLDSS
=856  40$uhttp://firstsearch.oclc.org$zAddress for accessing the journal using authorization number and password through OCLC FirstSearch Electronic Collections Online
=856  40$uhttp://peds.oxfordjournals.org/content/by/year
=859  \\$aELD$bejournal
=859  \\$aXLD$bejournal$cSFX
=945  \\$aProtein engineering design and selection.
=959  \\$fCurrently available
=979  \\$aBritish Library$bDSC$j6936.055000
=A02  \\$a103018866
=ACF  \\$aPrevious copyright fee: GBP10.50$c0$e01-jan-2011$fGBP10.50$g0$hA$5Uk
=ACF  \\$aPrevious Copyright Fee: GBP25.71$c0$e01-jul-2009$fGBP25.71$g0$hC$5Uk
=ACF  \\$aPrevious Copyright Fee: GBP25.71$c0$e01-apr-2009$fGBP25.71$g0$hC$5Uk
=ACF  \\$aPrevious Copyright Fee: GBP22.50$c0$e01-jan-2009$fGBP22.50$g0$hC$5Uk
=ACF  \\$aBritish Library not licensed to copy$c0$e01-oct-2008$hC$iCLA Excluded$5Uk
=ACF  \\$aPrevious Copyright Fee: GBP18.00$c0$e01-jul-2008$fGBP18.00$g0$hC$5Uk
=ACF  \\$aPrevious Copyright Fee: GBP18.00$c0$e01-apr-2008$fGBP18.00$g0$hC$5Uk
=ACF  \\$aPrevious Copyright Fee: GBP14.00$c0$e01-jan-2008$fGBP14.00$g0$hC$5Uk
=ACF  \\$aPrevious Copyright Fee: GBP14.00$c0$e01-oct-2007$fGBP14.00$g0$hC$5Uk
=ACF  \\$aPrevious Copyright Fee: GBP14.00$c0$e01-jul-2007$fGBP14.00$g0$hC$5Uk
=ACF  \\$aPrevious Copyright Fee: GBP14.36$c0$e01-apr-2007$fGBP14.36$g0$hC$5Uk
=ACF  \\$aPrevious Copyright Fee: GBP15.14$c0$e01-jan-2007$fGBP15.14$g0$hC$5Uk
=ACF  \\$aPrevious Copyright Fee: GBP15.14$c0$e01-oct-2006$fGBP15.14$g0$hC$5Uk
=ACF  \\$aPrevious Copyright Fee: GBP16.00$c0$e01-jul-2006$fGBP16.00$g0$hC$5Uk
=ACF  \\$aPrevious Copyright Fee: GBP16.00$c0$e01-apr-2006$fGBP16.00$g0$hC$5Uk
=ACF  \\$aPrevious Copyright Fee: GBP16.00$c29\0$e01-jan-2006$fGBP16.00$g0$hP$5Uk
=ACF  \\$aPrevious copyright fee: GBP15.00$c29\0$e01-jan-2004$fGBP15.00$g0$hP$5Uk
=ACF  \\$aCurrent copyright fee: GBP10.00$c29\0$e17-nov-2003$fGBP10.00$g0$hP$5Uk
=ACF  \\$aPrevious copyright fee: GBP12.00$c0$e01-jan-2012$fGBP12.00$g0$hA$5Uk
=ACF  \\$aPrevious copyright fee: GBP18.00$c29\0$e25-jul-2012$fGBP18.00$g0$hP$5Uk
=ACF  \\$aPrevious copyright fee: GBP20.00$c29\0$e01-jan-2013$fGBP20.00$g0$hP$5Uk
=ACF  \\$aPrevious copyright fee: GBP23.00$c29\0$e01-jan-2015$fGBP23.00$g0$hP$5Uk
=ACF  \\$aPrevious copyright fee: GBP24.00$c29\0$e01-jan-2016$fGBP24.00$g0$hP$5Uk
=ACF  \\$aPrevious copyright fee: GBP26.00$c29\0$e01-jan-2017$fGBP26.00$g0$hP$5Uk
=ACF  \\$aPrevious copyright fee: GBP27.00$c29\0$e01-jan-2018$fGBP27.00$g0$hP$5Uk
=ACF  \\$aPrevious copyright fee: GBP28.00$c29\0$e01-jan-2019$fGBP28.00$g0$hP$5Uk
=ACF  \\$aPrevious Copyright Fee: GBP29.00$c29\0$e01-jan-2020$fGBP29.00$g0$hP$5Uk
=CAT  \\$aCONV$b00$c20040425$lBLL90$h0713
=CAT  \\$aBATCH-UPD$b00$c20151119$lBLL01$h1551
=CAT  \\$aIPL-CLA$c20151231$lBLL01$h1919
=CAT  \\$aBATCH-UPD$b00$c20160524$lBLL01$h2209
=CAT  \\$aBATCH-UPD$b00$c20160525$lBLL01$h0014
=CAT  \\$aBATCH-UPD$b00$c20161122$lBLL01$h1520
=CAT  \\$aIPL-CLA$c20161230$lBLL01$h2114
=CAT  \\$aBATCH-UPD$b00$c20171121$lBLL01$h1703
=CAT  \\$aW1711-1005$c20171206$lBLL01$h1816
=CAT  \\$aIPL-CLA$c20171231$lBLL01$h1623
=CAT  \\$a8871$b40$c20180123$lBLL01$h1541
=CAT  \\$aBATCH-UPD$b40$c20181217$lBLL01$h1651
=CAT  \\$aIPL-CLA$c20181231$lBLL01$h1540
=CAT  \\$aW1910-0530$c20191007$lBLL01$h1114
=CAT  \\$aR1911-1518$c20191206$lBLL01$h1405
=CAT  \\$aIPL-CLA$c20191231$lBLL01$h1922
=CAT  \\$a12654$b40$c20210426$lBLL01$h1116
=CAT  \\$a5410$b40$c20210922$lBLL01$h1332
=CAT  \\$aBATCH-UPD$b40$c20220308$lBLL01$h1727
=CAT  \\$aIPL-CLA$c20220331$lBLL01$h1951
=CAT  \\$a12654$b40$c20230302$lBLL01$h1159
=CAT  \\$aS2302-1302$c20230322$lBLL01$h1708
=CAT  \\$aS2302-1302$c20230323$lBLL01$h1444
=CAT  \\$aIPL-CLA$c20230331$lBLL01$h1546
=CAT  \\$aS2304-0519$c20230412$lBLL01$h1139
=CAT  \\$aBATCH-SUPP$c20230426$lBLL01$h1108
=CFI  0\$aCurrent Copyright Fee: GBP42.00$c29\0$e01-apr-2023$fGBP42.00$g0$hP$5Uk
=CFI  2\$aPrevious copyright fee: GBP32.00$c29\0$e01-apr-2022$fGBP32.00$g0$hP$5Uk
=EST  \\$a1
=FFP  \\$aY$bBLDSS-3PM
=FIN  \\$aY
=FMT  \\$a  SE
=LAS  \\$aBATCH-SUPP$b00$c20230426$lBLL01$h1108
=LEO  \\$aMP10.0000632109
=LKR  \\$aPAR$b013206782$lBLL01$r78000$mProtein engineering, design and selection$nProtein engineering
=MNI  \\$a1741-0126
=SRC  \\$aDSS01$bbibmp10.200404.2.aa
=SRC  \\$aBLL02
=TCO  \\$aCLA$bCLA$c008
=TOC  \\$aETOC
=UNO  \\$aY

