=LDR  06068cas a2201333 a 4500
=001  012434869
=003  Uk
=005  20230426110821.0
=006  m\\\\\\\\d\\\\\\\\
=007  cr||||||||||||
=008  980701c19949999enkmr\p\o\\\\\0\\\a0eng\c
=010  \\$a2008233311
=015  \\$aGBB411511$2bnb
=019  c\$a102488740
=022  0\$a1460-2393$y1460-2725$y0033-5622$202
=030  \\$aQMJPFH
=035  \\$a(OCoLC)39377521$z(OCoLC)39317408$z(OCoLC)49384751$z(OCoLC)50611239$z(OCoLC)247443656$z(OCoLC)270883165$z(OCoLC)472226865$z(OCoLC)517399581$z(OCoLC)612060506
=037  \\$aqjmedj$bOxford University Press
=037  3\$aISSN_14602725$bPortico$nOxford University Press
=040  \\$aTMC$beng$cTMC$dOCL$dOCLCQ$dSBH$dOCLCQ$dOCL$dOCLCQ$dFQM$dOCLCQ$dOCLCS$dMXC$dUV0$dGUA$dOCLCQ$dFFQ$dZ5A$dOCLCQ$dOCLCO$dOCLCQ$dTXA$dUk
=042  \\$aukblsr$aissnuk
=050  14$aR31$b.Q25
=060  00$aW1$bQJ102K
=082  04$a610.5$223
=130  0\$aQJM (Online)
=210  0\$aQJM$b(Oxf., 1994, Online)
=222  \0$aQJM$b(Oxford. 1994. Online)
=245  10$aQJM$h[electronic resource] :$ban international journal of medicine.
=246  13$aQuarterly journal of medicine
=260  \\$aOxford :$bOxford University Press
=310  \\$aMonthly
=336  \\$atext$2rdacontent
=337  \\$acomputer$2rdamedia
=338  \\$aonline resource$2rdacarrier
=362  1\$aBegan with: Vol. 87 (7) (July 1994).
=500  \\$aPublished for the Association of Physicians of Great Britain and Ireland.
=540  \\$aCurrent Copyright Fee: GBP42.00$c29\0$5Uk
=550  \\$aMonthly journal of the Association of Physicians.
=580  \\$aIncludes issues of earlier title: Quarterly journal of medicine.
=588  \\$aDescription based on: Vol. 87 (7) (July 1994); title from PDF cover(Oxford Journals, viewed Nov. 6, 2013).
=588  \\$aLatest issue consulted: volume 107, number 2 (February 2014) (viewed January 30, 2014).
=595  \\$aFORMERLY 7194.0 UP TO VOL. 86(6), 1994 SEE ALSO 7194.0 FOR H&SS HOLDINGS.
=650  \0$aMedicine$vPeriodicals.
=650  \0$aInternal medicine$vPeriodicals.
=710  2\$aAssociation of Physicians of Great Britain and Ireland.
=776  08$iPrint version:$tQJM$x1460-2725
=780  10$tQuarterly journal of medicine (Online)$x2058-1130
=852  41$aBritish Library$bHMNTS$jELD Digital store$3Volume 107:Issue 1(2014)-***Previous issues available in print copy
=852  41$aBritish Library$bDSC$j7163.731000$3jan-2000 VOL 93 PART 1-Volume 115:Issue 11(2022)***See ESTAR for full holdings.
=856  \\$31850-9999$uhttp://ukcatalogue.oup.com/$xBLDSS
=856  40$uhttp://firstsearch.oclc.org$zAddress for accessing the journal using authorization number and password through OCLC FirstSearch Electronic Collections Online
=856  40$uhttp://qjmed.oupjournals.org
=859  \\$aELD$bejournal
=859  \\$aXLD$bejournal$cSFX
=945  \\$aQJM -OXFORD-
=959  \\$fCurrently available
=979  \\$aBritish Library$bDSC$j7163.731000
=985  \\$aCONFERENCE ANALYTIC RECORDS EXIST
=A02  \\$a102488740
=ACF  \\$aPrevious copyright fee: GBP15.00$c29\0$e01-jan-2004$fGBP15.00$g0$hP$5Uk
=ACF  \\$aCurrent copyright fee: GBP10.00$c29\0$e01-apr-2002$fGBP10.00$g0$hP$5Uk
=ACF  \\$aCurrent copyright fee: GBP2.11$c0$e01-jul-2001$fGBP2.11$g0$hC$5Uk
=ACF  \\$aPrevious Copyright Fee: GBP16.00$c29\0$e01-jan-2006$fGBP16.00$g0$hP$5Uk
=ACF  \\$aPrevious copyright fee: GBP18.00$c29\0$e01-jan-2008$fGBP18.00$g0$hP$5Uk
=ACF  \\$aPrevious copyright fee: GBP20.00$c29\0$e01-jan-2013$fGBP20.00$g0$hP$5Uk
=ACF  \\$aPrevious copyright fee: GBP23.00$c29\0$e01-jan-2015$fGBP23.00$g0$hP$5Uk
=ACF  \\$aPrevious copyright fee: GBP24.00$c29\0$e01-jan-2016$fGBP24.00$g0$hP$5Uk
=ACF  \\$aPrevious copyright fee: GBP26.00$c29\0$e01-jan-2017$fGBP26.00$g0$hP$5Uk
=ACF  \\$aPrevious copyright fee: GBP27.00$c29\0$e01-jan-2018$fGBP27.00$g0$hP$5Uk
=ACF  \\$aPrevious copyright fee: GBP28.00$c29\0$e01-jan-2019$fGBP28.00$g0$hP$5Uk
=ACF  \\$aPrevious Copyright Fee: GBP29.00$c29\0$e01-jan-2020$fGBP29.00$g0$hP$5Uk
=CAT  \\$aCONV$b00$c20040425$lBLL90$h0713
=CAT  \\$aBLDSS-3PM$b00$c20141208$lBLL01$h1624
=CAT  \\$aIPL-CLA$c20141231$lBLL01$h1650
=CAT  \\$a11316$b40$c20150121$lBLL01$h1416
=CAT  \\$aBATCH-UPD$b40$c20151119$lBLL01$h1551
=CAT  \\$aIPL-CLA$c20151231$lBLL01$h1919
=CAT  \\$aBATCH-UPD$b00$c20160524$lBLL01$h2209
=CAT  \\$aBATCH-UPD$b00$c20160525$lBLL01$h0014
=CAT  \\$aBATCH-UPD$b00$c20161122$lBLL01$h1520
=CAT  \\$aIPL-CLA$c20161230$lBLL01$h2114
=CAT  \\$aBATCH-UPD$b00$c20171121$lBLL01$h1703
=CAT  \\$aW1711-1005$c20171206$lBLL01$h1816
=CAT  \\$aIPL-CLA$c20171231$lBLL01$h1624
=CAT  \\$aBATCH-UPD$b00$c20181217$lBLL01$h1651
=CAT  \\$aIPL-CLA$c20181231$lBLL01$h1540
=CAT  \\$aW1910-0530$c20191007$lBLL01$h1114
=CAT  \\$aR1911-1518$c20191206$lBLL01$h1405
=CAT  \\$aIPL-CLA$c20191231$lBLL01$h1922
=CAT  \\$aBATCH-UPD$b00$c20220308$lBLL01$h1727
=CAT  \\$aIPL-CLA$c20220331$lBLL01$h1951
=CAT  \\$a12654$b40$c20221213$lBLL01$h0949
=CAT  \\$aS2302-1302$c20230322$lBLL01$h1708
=CAT  \\$aS2302-1302$c20230323$lBLL01$h1444
=CAT  \\$aIPL-CLA$c20230331$lBLL01$h1546
=CAT  \\$aS2304-0519$c20230412$lBLL01$h1139
=CAT  \\$aBATCH-SUPP$c20230426$lBLL01$h1108
=CFI  0\$aCurrent Copyright Fee: GBP42.00$c29\0$e01-apr-2023$fGBP42.00$g0$hP$5Uk
=CFI  2\$aPrevious copyright fee: GBP32.00$c29\0$e01-apr-2022$fGBP32.00$g0$hP$5Uk
=EST  \\$a1
=FFP  \\$aY$bBLDSS-3PM
=FIN  \\$aY
=FMT  \\$a  SE
=LAS  \\$aBATCH-SUPP$b00$c20230426$lBLL01$h1108
=LEO  \\$aMP10.0000632139
=LEO  \\$aMP22.0000056211
=LKR  \\$aPAR$b008550154$lBLL01$r776$mQJM (Online)$nQJM (Print)
=MNI  \\$a1460-2725
=SID  \\$aZ39$bOCLC
=SRC  \\$aISN01$bbibmp22.200404.2.aa
=SRC  \\$aDSS01$bbibmp10.200404.2.aa
=TCO  \\$aCLA$bCLA$c008
=TOC  \\$aETOC
=UNO  \\$aY

