=LDR  05675cas a2201273 a 4500
=001  012434877
=003  Uk
=005  20230426110821.0
=006  m\\\\\o\\d\\\\\\\\
=007  cr\|||||||||||
=008  990729c19309999enkqr\pso\\\\\0\\\a0eng\c
=010  \\$a   00238457 
=015  \\$aGBB407767$2bnb
=016  \\$a012434877
=019  c\$a102136418
=022  0\$a1464-3847$202
=035  \\$a(OCoLC)41981614
=037  \\$aqmathj$bOxford University Press
=037  3\$aISSN_00335606$bPortico$nOxford University Press
=040  \\$aCLSU$beng$cCLSU$dOCoLC$dInU$dOCoLC$dMiEM$dOCoLC$dUKMGB$dOCoLC$dUk
=042  \\$aissnuk$aukblsr
=050  14$aQA1
=082  04$a510$223
=130  0\$aQuarterly journal of mathematics (Online)
=210  0\$aQ. j. math.$b(Online)
=222  \0$aQuarterly journal of mathematics$b(Online)
=245  14$aThe quarterly journal of mathematics$h[electronic resource].
=246  1\$iTitle on volume contents page:$aQuarterly journal of mathematics - online services
=260  \\$aOxford :$bOxford University Press
=310  \\$aQuarterly
=336  \\$atext$2rdacontent
=337  \\$acomputer$2rdamedia
=338  \\$aonline resource$2rdacarrier
=362  1\$aBegan with: Oxford ser., v. 1 (1930).
=520  \\$aContains full text of articles, 1998- ; abstracts only, 1996-1997.
=538  \\$aMode of access: World Wide Web.
=540  \\$aCurrent Copyright Fee: GBP32.00$c29\0$5Uk
=580  \\$aOriginal print version of this title was a merger of: Messenger of mathematics and: Quarterly journal of pure and applied mathematics.
=588  \\$aDescription based on: Vol. 47, issue 2 (1996); title from title screen (viewed May 26, 2000).
=588  \\$aLatest issue consulted: volume 64, part 4 (December 2013) (Oxford Journals, viewed January 22, 2014).
=595  \\$aFORMERLY 5682.7 CHANGE BETWEEN VOL. 49, 1919/1920 AND 1, 1930.
=650  \0$aMathematics$vPeriodicals.
=710  2\$aOxford University Press.
=776  08$iPrint version:$tQuarterly journal of mathematics$x0033-5606
=852  41$aBritish Library$bHMNTS$jELD Digital store$3Volume 65:Part 1(2014:Mar.)-
=852  41$aBritish Library$bDSC$j7192.000000$3mar-2000 VOL 51 PART 1-Volume 62:Issue 4(2011)***See ESTAR for full holdings.
=856  \\$31850-9999$uhttp://ukcatalogue.oup.com/$xBLDSS
=856  40$uhttp://qjmath.oxfordjournals.org/
=856  40$uhttp://www3.oup.co.uk/qmathj/
=859  \\$aELD$bejournal
=859  \\$aXLD$bejournal$cSFX
=945  \\$aQuarterly journal of mathematics
=959  \\$fCurrently available
=979  \\$aBrtish Library$bDSC$j7192.000000
=A02  \\$a102136418
=ACF  \\$aPrevious copyright fee: GBP15.00$c29\0$e01-jan-2004$fGBP15.00$g0$hP$5Uk
=ACF  \\$aCurrent copyright fee: GBP10.00$c29\0$e01-apr-2002$fGBP10.00$g0$hP$5Uk
=ACF  \\$aCurrent copyright fee: GBP10.00$c0$e01-jul-2000$fGBP10.00$g0$hC$5Uk
=ACF  \\$aPrevious Copyright Fee: GBP16.00$c29\0$e01-jan-2006$fGBP16.00$g0$hP$5Uk
=ACF  \\$aPrevious copyright fee: GBP18.00$c29\0$e01-jan-2008$fGBP18.00$g0$hP$5Uk
=ACF  \\$aPrevious copyright fee: GBP20.00$c29\0$e01-jan-2013$fGBP20.00$g0$hP$5Uk
=ACF  \\$aPrevious copyright fee: GBP23.00$c29\0$e01-jan-2015$fGBP23.00$g0$hP$5Uk
=ACF  \\$aPrevious copyright fee: GBP24.00$c29\0$e01-jan-2016$fGBP24.00$g0$hP$5Uk
=ACF  \\$aPrevious copyright fee: GBP26.00$c29\0$e01-jan-2017$fGBP26.00$g0$hP$5Uk
=ACF  \\$aPrevious copyright fee: GBP27.00$c29\0$e01-jan-2018$fGBP27.00$g0$hP$5Uk
=ACF  \\$aPrevious copyright fee: GBP28.00$c29\0$e01-jan-2019$fGBP28.00$g0$hP$5Uk
=ACF  \\$aPrevious Copyright Fee: GBP20.00$c29\0$e01-jan-2020$fGBP20.00$g0$hP$5Uk
=CAT  \\$aCONV$b00$c20040425$lBLL90$h0713
=CAT  \\$aIPL-CLA$c20151231$lBLL01$h1919
=CAT  \\$aBATCH-UPD$b00$c20160524$lBLL01$h2209
=CAT  \\$aBATCH-UPD$b00$c20160525$lBLL01$h0014
=CAT  \\$aBATCH-016$c20160608$lBLL01$h1429
=CAT  \\$aBATCH-UPD$b00$c20161122$lBLL01$h1520
=CAT  \\$aIPL-CLA$c20161230$lBLL01$h2114
=CAT  \\$aBATCH-UPD$b00$c20171121$lBLL01$h1703
=CAT  \\$aW1711-1005$c20171206$lBLL01$h1816
=CAT  \\$aIPL-CLA$c20171231$lBLL01$h1624
=CAT  \\$aBATCH-UPD$b00$c20181217$lBLL01$h1651
=CAT  \\$aIPL-CLA$c20181231$lBLL01$h1540
=CAT  \\$aW1910-0530$c20191007$lBLL01$h1114
=CAT  \\$aR1911-1518$c20191206$lBLL01$h1419
=CAT  \\$aIPL-CLA$c20191231$lBLL01$h1922
=CAT  \\$a5410$b40$c20200720$lBLL01$h2201
=CAT  \\$aBATCH-UPD$b40$c20220308$lBLL01$h1734
=CAT  \\$aIPL-CLA$c20220331$lBLL01$h1951
=CAT  \\$a5410$b40$c20221011$lBLL01$h0852
=CAT  \\$a5410$b40$c20221011$lBLL01$h0853
=CAT  \\$a12654$b40$c20230302$lBLL01$h1421
=CAT  \\$aS2302-1302$c20230322$lBLL01$h1708
=CAT  \\$aS2302-1302$c20230323$lBLL01$h1444
=CAT  \\$aIPL-CLA$c20230331$lBLL01$h1546
=CAT  \\$aS2304-0519$c20230412$lBLL01$h1139
=CAT  \\$aBATCH-SUPP$c20230426$lBLL01$h1108
=CFI  0\$aCurrent Copyright Fee: GBP32.00$c29\0$e01-apr-2023$fGBP32.00$g0$hP$5Uk
=CFI  2\$aPrevious copyright fee: GBP22.00$c29\0$e01-apr-2022$fGBP22.00$g0$hP$5Uk
=EST  \\$a1
=FFP  \\$aY$bBLDSS-3PM
=FIN  \\$aY$d20140122
=FMT  \\$a  SE
=LAS  \\$aBATCH-SUPP$b00$c20230426$lBLL01$h1108
=LEO  \\$aMP10.0000632147
=LET  \0$aQuarterly journal of mathematics (Electronic)
=LKR  \\$aPAR$b008212765$lBLL01$r776$mThe quarterly journal of mathematics (Online)$nQuarterly Journal of Mathematics (Print).
=MNI  \\$a0033-5606
=SRC  \\$aDSS01$bbibmp10.200404.2.aa
=SRC  \\$aBLL02
=TCO  \\$aCLA$bCLA$c008
=TOC  \\$aETOC
=UNO  \\$aY

