=LDR  05760cas a2201261 a 4500
=001  012434878
=003  Uk
=005  20230426110821.0
=007  cr\|||||||||||
=008  990729c19489999enkqr\p\o\\\\\0\\\a0eng\c
=010  \\$a00238241
=015  \\$aGBB411515$2bnb
=019  c\$a102136419
=022  0\$a1464-3855$l0033-5614$y0033-5614$202
=035  \\$a(OCoLC)41981609
=037  \\$aqjmamj$bOxford University Press
=037  3\$aISSN_00335614$bPortico$nOxford University Press
=040  \\$aCSL$beng$cCSL$dOCL$dIUL$dOCLCQ$dOCLCO$dOCLCQ$dOCLCF$dUk
=042  \\$aissnuk$aukblsr
=050  14$aQA1$b.Q16
=082  04$a530.1$223
=130  0\$aQuarterly journal of mechanics and applied mathematics (Online)
=210  0\$aQ. j. mech. appl. math.$b(Online)
=222  \0$aQuarterly journal of mechanics and applied mathematics$b(Online)
=245  14$aThe quarterly journal of mechanics and applied mathematics$h[electronic resource].
=246  1\$iTitle on volume contents page:$aQuarterly journal of mechanics and applied mathematics - online services
=246  13$aQJMAM
=246  13$aQ. jl mech. appl. math
=264  \1$a[Oxford] :$b[Clarendon Press]
=264  31$aOxford, UK :$bOxford University Press
=310  \\$aQuarterly
=336  \\$atext$2rdacontent
=337  \\$acomputer$2rdamedia
=338  \\$aonline resource$2rdacarrier
=362  1\$aPrint began with vol. 1 (Mar. 1948).
=520  \\$aContains full text of articles, 1998- ; abstracts only, 1996-1997.
=540  \\$aCurrent Copyright Fee: GBP32.00$c29\0$5Uk
=588  \\$aDescription based on: Vol. 49, issue 1 (1996); title from title screen (viewed Mar. 23, 2000).
=588  \\$aLatest issue consulted: volume 66, issue 4 (November 2013) (Oxford Journals, viewed January 30, 2014).
=650  \0$aMechanics$xMathematics$vPeriodicals.
=650  \0$aApplied mathematics$vPeriodicals.
=776  08$iAlso issued in print as:$tQuarterly journal of mechanics and applied mathematics$x0033-5614
=852  41$aBritish Library$bHMNTS$jELD Digital store$3Volume 67:Issue 1(2014:Feb.)-***Previous issues available in print copy
=852  41$aBritish Library$bDSC$j7193.000000$3feb-2000 VOL 53 PART 1-Volume 64:Issue 4(2011)***See ESTAR for full holdings.
=856  \\$31850-9999$uhttp://ukcatalogue.oup.com/$xBLDSS
=856  4\$uhttp://firstsearch.oclc.org$zAddress for accessing the journal using authorization number and password through OCLC FirstSearch Electronic Collections Online
=856  40$uhttp://qjmam.oxfordjournals.org
=856  40$uhttp://www3.oup.co.uk/qjmamj
=859  \\$aELD$bejournal
=859  \\$aXLD$bejournal$cSFX
=945  \\$aQUARTERLY JOURNAL OF MECHANICS AND APPLIED MATHEMATICS
=959  \\$fCurrently available
=963  \\$aVOL. 1, 1948- *A=1$bY$cP348.C.111
=964  \\$aVOL. 1, 1948- *A=1$c51:5$dO$eJQ377
=979  \\$aBritish Library$bDSC$j7193.000000
=A02  \\$a102136419
=ACF  \\$aPrevious copyright fee: GBP15.00$c29\0$e01-jan-2004$fGBP15.00$g0$hP$5Uk
=ACF  \\$aCurrent copyright fee: GBP10.00$c29\0$e01-apr-2002$fGBP10.00$g0$hP$5Uk
=ACF  \\$aCurrent copyright fee: GBP10.00$c0$e01-jul-2000$fGBP10.00$g0$hC$5Uk
=ACF  \\$aPrevious copyright fee: GBP16.00$c29\0$e01-jan-2006$fGBP16.00$g0$hP$5Uk
=ACF  \\$aPrevious copyright fee: GBP18.00$c29\0$e01-jan-2008$fGBP18.00$g0$hP$5Uk
=ACF  \\$aPrevious copyright fee: GBP20.00$c29\0$e01-jan-2013$fGBP20.00$g0$hP$5Uk
=ACF  \\$aPrevious copyright fee: GBP23.00$c29\0$e01-jan-2015$fGBP23.00$g0$hP$5Uk
=ACF  \\$aPrevious copyright fee: GBP24.00$c29\0$e01-jan-2016$fGBP24.00$g0$hP$5Uk
=ACF  \\$aPrevious copyright fee: GBP26.00$c29\0$e01-jan-2017$fGBP26.00$g0$hP$5Uk
=ACF  \\$aPrevious copyright fee: GBP27.00$c29\0$e01-jan-2018$fGBP27.00$g0$hP$5Uk
=ACF  \\$aPrevious copyright fee: GBP28.00$c29\0$e01-jan-2019$fGBP28.00$g0$hP$5Uk
=ACF  \\$aPrevious Copyright Fee: GBP20.00$c29\0$e01-jan-2020$fGBP20.00$g0$hP$5Uk
=CAT  \\$aCONV$b00$c20040425$lBLL90$h0713
=CAT  \\$aIPL-CLA$c20141231$lBLL01$h1650
=CAT  \\$aBATCH-UPD$b00$c20151119$lBLL01$h1551
=CAT  \\$aIPL-CLA$c20151231$lBLL01$h1919
=CAT  \\$aBATCH-UPD$b00$c20160524$lBLL01$h2209
=CAT  \\$aBATCH-UPD$b00$c20160525$lBLL01$h0014
=CAT  \\$aBATCH-UPD$b00$c20161122$lBLL01$h1520
=CAT  \\$aIPL-CLA$c20161230$lBLL01$h2114
=CAT  \\$aBATCH-UPD$b00$c20171121$lBLL01$h1703
=CAT  \\$aW1711-1005$c20171206$lBLL01$h1816
=CAT  \\$aIPL-CLA$c20171231$lBLL01$h1624
=CAT  \\$aBATCH-UPD$b00$c20181217$lBLL01$h1651
=CAT  \\$aIPL-CLA$c20181231$lBLL01$h1540
=CAT  \\$aW1910-0530$c20191007$lBLL01$h1114
=CAT  \\$aR1911-1518$c20191206$lBLL01$h1419
=CAT  \\$aIPL-CLA$c20191231$lBLL01$h1922
=CAT  \\$a5410$b40$c20200720$lBLL01$h2159
=CAT  \\$aBATCH-UPD$b40$c20220308$lBLL01$h1734
=CAT  \\$aIPL-CLA$c20220331$lBLL01$h1951
=CAT  \\$a5410$b40$c20221011$lBLL01$h0855
=CAT  \\$a12654$b40$c20230302$lBLL01$h1435
=CAT  \\$aS2302-1302$c20230322$lBLL01$h1708
=CAT  \\$aS2302-1302$c20230323$lBLL01$h1444
=CAT  \\$aIPL-CLA$c20230331$lBLL01$h1546
=CAT  \\$aS2304-0519$c20230412$lBLL01$h1139
=CAT  \\$aBATCH-SUPP$c20230426$lBLL01$h1108
=CFI  0\$aCurrent Copyright Fee: GBP32.00$c29\0$e01-apr-2023$fGBP32.00$g0$hP$5Uk
=CFI  2\$aPrevious copyright fee: GBP22.00$c29\0$e01-apr-2022$fGBP22.00$g0$hP$5Uk
=EST  \\$a1
=FFP  \\$aY$bBLDSS-3PM
=FIN  \\$aY
=FMT  \\$a  SE
=LAS  \\$aBATCH-SUPP$b00$c20230426$lBLL01$h1108
=LEO  \\$aMP10.0000632148
=MNI  \\$a0033-5614
=SID  \\$aZ39$bOCLC
=SRC  \\$aDSS01$bbibmp10.200404.2.aa
=TCO  \\$aCLA$bCLA$c008
=TOC  \\$aETOC
=UNO  \\$aY

