=LDR  06437cas a2201369 a 4500
=001  012434906
=003  Uk
=005  20230426110821.0
=007  cr\|||||||||||
=008  030408c19949999enkqr\p\o\\\\i0\\\a0eng\c
=010  \\$a2004255114
=015  \\$aGBB411555$2bnb
=019  c\$a102560200
=022  0\$a1471-695X$l1020-4067$y1020-4067$202
=035  \\$a(OCoLC)51996357
=037  \\$arefqtl$bOxford University Press
=037  3\$aISSN_10204067$bPortico$nOxford University Press
=040  \\$aABC$beng$cABC$dOCLCQ$dZCU$dOCL$dOCLCQ$dOCLCO$dOCLCQ$dOCLCF$dUk
=042  \\$aissnuk$aukblsr
=043  \\$ae------$ae-gx---
=050  14$aHV640$b.R37
=082  04$a325.21$222
=130  0\$aRefugee survey quarterly (Online)
=222  \0$aRefugee survey quarterly$b(Online)
=245  10$aRefugee survey quarterly$h[electronic resource].
=264  \1$a[Geneva] :$b[UNHCR, Centre for Documentation on Refugees]
=264  31$aOxford, England :$bOxford University Press
=310  \\$aQuarterly
=336  \\$atext$2rdacontent
=337  \\$acomputer$2rdamedia
=338  \\$aonline resource$2rdacarrier
=362  1\$aPrint began with vol. 13, no. 1 (spring 1994).
=515  \\$a"The RSQ publishes one thematic special issue each year, while the other three issues are open issues, publishing articles across a range of subjects and viewpoints"--Journal information page.
=540  \\$aCurrent Copyright Fee: GBP32.00$c29\0$5Uk
=550  \\$aIssued by: Centre for Documentation on Refugees (United Nations), 1994-1995; by: UNHCR Centre for Documentation and Research, 1996-2001; by: UNHCR Library, and other sections of the UNHCR, 2001-
=580  \\$aIncludes issues of earlier title: Refugee abstracts.
=588  \\$aDescription based on: Vol. 20, no. 1 (Apr. 2001); title from journal home page (viewed Mar. 26, 2004).
=588  \\$aLatest issue consulted: vol. 32, no. 4 (December 2013) (Oxford Journals, viewed January 30, 2014).
=595  \\$aFORMERLY 7336.32 . HARD COPY NOT SELECTED.
=650  \0$aRefugees$vPeriodicals.
=650  \0$aForced migration$vPeriodicals.
=710  2\$aOffice of the United Nations High Commissioner for Refugees.
=710  2\$aOffice of the United Nations High Commissioner for Refugees.$bLibrary.
=710  2\$aUNHCR Centre for Documentation and Research.
=710  2\$aCentre for Documentation on Refugees (United Nations)
=776  08$iAlso issued in print as:$aRefugee survey quarterly$x1020-4067
=780  10$tRefugee abstracts (Online)$x2834-1058
=852  41$aBritish Library$bHMNTS$jELD Digital store$3Volume 33:Number 1(2014:Mar.)-***Previous issues available in print copy
=852  41$aBritish Library$bDSC$j7336.345000$32001 VOL 20 ISSU 1-Volume 30:Issue 4(2011)***See ESTAR for full holdings.
=856  \\$31850-9999$uhttp://ukcatalogue.oup.com/$xBLDSS
=856  4\$uhttp://firstsearch.oclc.org$zAddress for accessing the journal using authorization number and password through OCLC FirstSearch Electronic Collections Online
=856  40$uhttp://rsq.oxfordjournals.org
=856  40$uhttp://www3.oup.co.uk/refqtl
=859  \\$aELD$bejournal
=859  \\$aXLD$bejournal$cSFX
=945  \\$aREFUGEE SURVEY QUARTERLY
=959  \\$fCurrently available
=963  \\$aVOL. 13, 1994- *A=1$bN$cOP.309.59.01
=979  \\$aBritish Library$bDSC$j7336.345000
=985  \\$aCorrected by MS generated file for WR# 12.018
=985  \\$aCONFERENCE ANALYTIC RECORDS EXIST
=A02  \\$a102560200
=ACF  \\$aPrevious copyright fee: GBP12.00$c29\0$e01-jan-2004$fGBP12.00$g0$hP$5Uk
=ACF  \\$aCurrent copyright fee: GBP8.00$c29\0$e11-feb-2003$fGBP8.00$g0$hP$5Uk
=ACF  \\$aCurrent copyright fee: GBP8.00$c29\0$e23-may-2002$fGBP8.00$g0$hP$5Uk
=ACF  \\$aPrevious copyright fee: GBP13.00$c29\0$e01-jan-2006$fGBP13.00$g0$hP$5Uk
=ACF  \\$aPrevious copyright fee: GBP14.00$c29\0$e01-jan-2008$fGBP14.00$g0$hP$5Uk
=ACF  \\$aPrevious copyright fee: GBP20.00$c29\0$e01-jan-2013$fGBP20.00$g0$hP$5Uk
=ACF  \\$aPrevious copyright fee: GBP16.00$c29\0$e01-jan-2015$fGBP16.00$g0$hP$5Uk
=ACF  \\$aPrevious copyright fee: GBP17.00$c29\0$e01-jan-2016$fGBP17.00$g0$hP$5Uk
=ACF  \\$aPrevious copyright fee: GBP18.00$c29\0$e01-jan-2017$fGBP18.00$g0$hP$5Uk
=ACF  \\$aPrevious copyright fee: GBP19.00$c29\0$e01-jan-2018$fGBP19.00$g0$hP$5Uk
=ACF  \\$aPrevious copyright fee: GBP20.00$c29\0$e01-jan-2019$fGBP20.00$g0$hP$5Uk
=ACF  \\$aPrevious Copyright Fee: GBP20.00$c29\0$e01-jan-2020$fGBP20.00$g0$hP$5Uk
=CAT  \\$aCONV$b00$c20040425$lBLL90$h0713
=CAT  \\$aBATCH-UPD$b40$c20151213$lBLL01$h1327
=CAT  \\$aIPL-CLA$c20151231$lBLL01$h1919
=CAT  \\$aBATCH-UPD$b00$c20160524$lBLL01$h2209
=CAT  \\$aBATCH-UPD$b00$c20160525$lBLL01$h0014
=CAT  \\$aBATCH-UPD$b00$c20161122$lBLL01$h1516
=CAT  \\$aIPL-CLA$c20161230$lBLL01$h2114
=CAT  \\$aBATCH-UPD$b00$c20171121$lBLL01$h1659
=CAT  \\$aW1711-1005$c20171206$lBLL01$h1816
=CAT  \\$aIPL-CLA$c20171231$lBLL01$h1624
=CAT  \\$aBATCH-UPD$b00$c20181217$lBLL01$h1654
=CAT  \\$aIPL-CLA$c20181231$lBLL01$h1540
=CAT  \\$aW1910-0530$c20191007$lBLL01$h1114
=CAT  \\$aR1911-1518$c20191206$lBLL01$h1419
=CAT  \\$aIPL-CLA$c20191231$lBLL01$h1922
=CAT  \\$a5410$b40$c20200316$lBLL01$h1152
=CAT  \\$aBATCH-UPD$b40$c20220308$lBLL01$h1734
=CAT  \\$aIPL-CLA$c20220331$lBLL01$h1951
=CAT  \\$a5410$b40$c20221011$lBLL01$h0911
=CAT  \\$a12654$b40$c20230302$lBLL01$h1458
=CAT  \\$aS2302-1302$c20230322$lBLL01$h1708
=CAT  \\$aS2302-1302$c20230323$lBLL01$h1444
=CAT  \\$aIPL-CLA$c20230331$lBLL01$h1546
=CAT  \\$a11313$b40$c20230404$lBLL01$h1147
=CAT  \\$aS2304-0519$c20230412$lBLL01$h1139
=CAT  \\$aBATCH-SUPP$c20230426$lBLL01$h1108
=CFI  0\$aCurrent Copyright Fee: GBP32.00$c29\0$e01-apr-2023$fGBP32.00$g0$hP$5Uk
=CFI  2\$aPrevious copyright fee: GBP22.00$c29\0$e01-apr-2022$fGBP22.00$g0$hP$5Uk
=EST  \\$a1
=FFP  \\$aY$bBLDSS-3PM
=FIN  \\$aY
=FMT  \\$a  SE
=LAS  \\$aBATCH-SUPP$b00$c20230426$lBLL01$h1108
=LEO  \\$aMP10.0000632176
=LEO  \\$aMP22.0000065040
=MNI  \\$a1020-4067
=SID  \\$aZ39$bOCLC
=SRC  \\$aISN01$bbibmp22.200404.2.aa
=SRC  \\$aDSS01$bbibmp10.200404.2.aa
=TCO  \\$aCLA$bCLA$c008
=TCO  \\$aCHE$bPRO LITTERIS$c008
=TOC  \\$aETOC
=UNO  \\$aY

