=LDR  05998cas a2201345 a 4500
=001  012434952
=003  Uk
=005  20230426110821.0
=007  cr\|||||||||||
=008  021002c19259999enkqx\p\o\\\\\0\\\a0eng\c
=010  \\$a  2002227135$z  2002227207
=015  \\$aGBB412355$2bnb
=016  7\$a021591857$2DE-101
=016  7\$a2042104-7$2DE-600
=019  c\$a102146879
=022  0\$a1471-6968$l0034-6551$202
=035  \\$a(OCoLC)50709637
=037  \\$arevesj$bOxford University Press
=037  3\$aISSN_00346551$bPortico$nOxford University Press
=040  \\$aMiU$beng$cMiU$dOCoLC$dNBuU$dOCoLC$dMiEM$dOCoLC$dGBVCP$dOCoLC$dDNAL$dOCoLC$dUk
=042  \\$aukblsr$aissnuk
=043  \\$ae-uk---
=050  14$aPR1
=070  0\$aPR1$b.R48
=082  04$a820.90005$223
=130  0\$aReview of English studies (Online)
=222  \0$aReview of English studies$b(Online)
=245  14$aThe review of English studies$h[electronic resource] :$ba quarterly journal of English literature and the English language.
=246  13$aRES
=264  \1$a[London] :$b[Sidgwick & Jackson]
=264  21$31940-1947$aLondon :$bOxford University Press
=264  21$31947-1997$aOxford :$bClarendon Press
=264  31$31998-$aOxford :$bOxford University Press
=310  \\$aFive issues yearly,$b2003-
=321  \\$aQuarterly,$b1925-2002
=336  \\$atext$2rdacontent
=337  \\$acomputer$2rdamedia
=338  \\$aonline resource$2rdacarrier
=362  0\$aVol. 1 (Jan. 1925)-v. 25 (Oct. 1949); new ser., v. 1, no. 1 (Jan. 1950)-
=500  \\$aTitle from title screen (viewed Oct. 2, 2002).
=515  \\$aVols. 1-25 also numbered no. 1-100.
=540  \\$aCurrent Copyright Fee: GBP42.00$c29\0$5Uk
=588  \\$aLatest issue consulted: volume 46, number 267 (November 2013) (Oxford Journals, viewed January 31, 2014).
=650  \0$aEnglish literature$xHistory and criticism$vPeriodicals.
=650  \0$aEnglish philology$vPeriodicals.
=776  08$iPrint version:$tReview of English studies$x0034-6551
=852  41$aBritish Library$bHMNTS$jELD Digital store$3Volume 65:Number 268(2014)-***Previous issues available in print copy
=852  41$aBritish Library$bDSC$j7790.520000$3feb-2001 VOL 52 PART 205-Volume 73:Issue 309(2022)***See ESTAR for full holdings.
=856  \\$31850-9999$uhttp://ukcatalogue.oup.com/$xBLDSS
=856  4\$uhttp://firstsearch.oclc.org$zAddress for accessing the journal using authorization number and password through OCLC FirstSearch Electronic Collections Online
=856  40$uhttp://res.oxfordjournals.org
=856  40$uhttp://www.jstor.org/journals/00346551.html
=856  40$uhttp://www3.oup.co.uk/revesj/contents
=859  \\$aELD$bejournal
=859  \\$aXLD$bejournal$cSFX
=945  \\$aREVIEW OF ENGLISH STUDIES
=959  \\$fCurrently available
=963  \\$aVOL. 1, 1925- 25, 1949 *A=1; NS: VOL. 1, 1950- *A=1$bY$cP718.C.6
=979  \\$aBritish Library$bDSC$j7790.520000
=A02  \\$a102146879
=ACF  \\$aPrevious copyright fee: GBP12.00$c29\0$e01-jan-2004$fGBP12.00$g0$hP$5Uk
=ACF  \\$aCurrent copyright fee: GBP8.00$c29\0$e01-apr-2002$fGBP8.00$g0$hP$5Uk
=ACF  \\$aCurrent copyright fee: GBP8.00$c0$e01-jul-2000$fGBP8.00$g0$hC$5Uk
=ACF  \\$aPrevious copyright fee: GBP13.00$c29\0$e01-jan-2006$fGBP13.00$g0$hP$5Uk
=ACF  \\$aPrevious copyright fee: GBP14.00$c29\0$e01-jan-2008$fGBP14.00$g0$hP$5Uk
=ACF  \\$aPrevious copyright fee: GBP20.00$c29\0$e01-jan-2013$fGBP20.00$g0$hP$5Uk
=ACF  \\$aPrevious copyright fee: GBP23.00$c29\0$e01-jan-2015$fGBP23.00$g0$hP$5Uk
=ACF  \\$aPrevious copyright fee: GBP24.00$c29\0$e01-jan-2016$fGBP24.00$g0$hP$5Uk
=ACF  \\$aPrevious copyright fee: GBP26.00$c29\0$e01-jan-2017$fGBP26.00$g0$hP$5Uk
=ACF  \\$aPrevious copyright fee: GBP27.00$c29\0$e01-jan-2018$fGBP27.00$g0$hP$5Uk
=ACF  \\$aPrevious copyright fee: GBP28.00$c29\0$e01-jan-2019$fGBP28.00$g0$hP$5Uk
=ACF  \\$aPrevious Copyright Fee: GBP29.00$c29\0$e01-jan-2020$fGBP29.00$g0$hP$5Uk
=CAT  \\$aCONV$b00$c20040425$lBLL90$h0713
=CAT  \\$aBLDSS-3PM$b00$c20141208$lBLL01$h1624
=CAT  \\$aIPL-CLA$c20141231$lBLL01$h1650
=CAT  \\$aBATCH-UPD$b00$c20151119$lBLL01$h1551
=CAT  \\$aIPL-CLA$c20151231$lBLL01$h1919
=CAT  \\$aBATCH-UPD$b00$c20160524$lBLL01$h2209
=CAT  \\$aBATCH-UPD$b00$c20160525$lBLL01$h0014
=CAT  \\$aBATCH-UPD$b00$c20161122$lBLL01$h1520
=CAT  \\$aIPL-CLA$c20161230$lBLL01$h2114
=CAT  \\$aBATCH-UPD$b00$c20171121$lBLL01$h1703
=CAT  \\$aW1711-1005$c20171206$lBLL01$h1816
=CAT  \\$aIPL-CLA$c20171231$lBLL01$h1624
=CAT  \\$aBATCH-UPD$b00$c20181217$lBLL01$h1651
=CAT  \\$aIPL-CLA$c20181231$lBLL01$h1540
=CAT  \\$aW1910-0530$c20191007$lBLL01$h1114
=CAT  \\$aR1911-1518$c20191206$lBLL01$h1406
=CAT  \\$aIPL-CLA$c20191231$lBLL01$h1922
=CAT  \\$aBATCH-UPD$b00$c20220308$lBLL01$h1727
=CAT  \\$aIPL-CLA$c20220331$lBLL01$h1951
=CAT  \\$a12654$b40$c20221104$lBLL01$h1411
=CAT  \\$a12654$b40$c20221104$lBLL01$h1415
=CAT  \\$aS2302-1302$c20230322$lBLL01$h1708
=CAT  \\$aS2302-1302$c20230323$lBLL01$h1444
=CAT  \\$aIPL-CLA$c20230331$lBLL01$h1546
=CAT  \\$aS2304-0519$c20230412$lBLL01$h1139
=CAT  \\$aBATCH-SUPP$c20230426$lBLL01$h1108
=CFI  0\$aCurrent Copyright Fee: GBP42.00$c29\0$e01-apr-2023$fGBP42.00$g0$hP$5Uk
=CFI  2\$aPrevious copyright fee: GBP32.00$c29\0$e01-apr-2022$fGBP32.00$g0$hP$5Uk
=EST  \\$a1
=FFP  \\$aY$bBLDSS-3PM
=FIN  \\$aY$b20221103
=FMT  \\$a  SE
=LAS  \\$aBATCH-SUPP$b00$c20230426$lBLL01$h1108
=LEO  \\$aMP10.0000632222
=LEO  \\$aMP22.0000065041
=LKR  \\$aPAR$b009543555$lBLL01$r776$mReview of English studies (Online)$nReview of English studies
=MNI  \\$a0034-6551
=SRC  \\$aBLL02
=SRC  \\$aISN01$bbibmp22.200404.2.aa
=SRC  \\$aDSS01$bbibmp10.200404.2.aa
=TCO  \\$aCLA$bCLA$c008
=TOC  \\$aETOC
=UNO  \\$aY

