=LDR  06217cas a2201417 a 4500
=001  012434955
=003  Uk
=005  20230426110821.0
=006  m\\\\\o\\d\\\\\\\\
=007  cr\mnu||||||||
=008  040802c20049999enkqr\pso\\\\\0\\\a0eng\c
=010  \\$a2009233399
=015  \\$aGBB407310$2bnb
=019  c\$a103024788
=022  \\$a1875-824X$202
=035  \\$a(OCoLC)56072848$z(OCoLC)224008383
=037  \\$arof$bOxford University Press
=037  3\$aISSN_15723097$bPortico$nOxford University Press
=040  \\$aEXW$beng$cEXW$dOCL$dOCLCQ$dOCL$dAUD$dGUA$dAU@$dZ5A$dTXJ$dOCLCQ$dAGL$dOCLCQ$dOCLCO$dOCLCF$dUk
=042  \\$aissnuk$aukblsr
=050  00$aHG1$b.R448
=070  0\$aHG1$b.R448
=082  10$a332.09405$223
=130  0\$aReview of finance (Online)
=222  \0$aReview of finance$b(Online)
=245  10$aReview of finance$h[electronic resource].
=260  \\$a[Dordrecht] :$bKluwer,$cc2004-
=264  21$aDordrecht :$bSpringer
=264  31$a[Oxford] :$bOxford University Press
=310  \\$a4 issues per year
=336  \\$atext$2rdacontent
=337  \\$acomputer$2rdamedia
=338  \\$aonline resource$2rdacarrier
=362  0\$aVol. 8, no. 1 (2004)-
=500  \\$aTitle from journal contents screen (viewed 08/02/2004).
=500  \\$a"Journal of the European Finance Association."
=538  \\$aMode of access: World Wide Web.
=540  \\$aCurrent Copyright Fee: GBP32.00$c29\0$5Uk
=580  \\$aIncludes issues of earlier title: European finance review.
=588  \\$aLatest issue consulted: volume 17, issue 5 (September 2013) (Oxford Journals, viewed January 20, 2014).
=595  \\$aFORMERLY 3829.710950 UP TO VOL. 7(3), 2003.
=650  \0$aFinance$zEurope$vPeriodicals.
=650  17$aFinanciën.$2gtt
=650  \7$aFinance.$2fast
=655  \7$aPeriodicals.$2fast
=690  7\$aManagement and Business Studies$2blcoll
=710  2\$aEuropean Finance Association.
=776  08$iPrint version:$tReview of finance$x1572-3097
=780  10$tEuropean finance review (Online)
=852  41$aBritish Library$bHMNTS$jELD Digital store$3Volume 11:Number 2(2007)-***Previous issues available in print copy
=852  41$aBritish Library$bDSC$j7790.563700$32004 VOL 8 PART 1-Volume 15:Issue 4(2011)***See ESTAR for full holdings.
=856  \\$31850-9999$uhttp://ukcatalogue.oup.com/$xBLDSS
=856  40$uhttp://rof.oxfordjournals.org/
=856  40$uhttp://www.kluweronline.com/issn/1572-3097/contents$zIncludes issues of previous title:
=859  \\$aELD$bejournal
=859  \\$aXLD$bejournal$cSFX
=945  \\$aReview of finance
=959  \\$fCurrently available
=979  \\$aBritish Library$bDSC$j7790.563700
=985  \\$aCorrected by MS generated file for WR# 12.018
=985  \\$aISSN responsibility transferred to UK from Netherlands, 20/01/14
=A02  \\$a103024788
=ACF  \\$aPrevious copyright fee: GBP16.22$c4\5$e01-oct-2006$fGBP16.22$g0$hP$5Uk
=ACF  \\$aPrevious copyright fee: GBP17.14$c4\5$e01-apr-2006$fGBP17.14$g0$hP$5Uk
=ACF  \\$aPrevious copyright fee: GBP16.67$c4\5$e01-jan-2006$fGBP16.67$g0$hP$5Uk
=ACF  \\$aPrevious copyright fee: GBP16.22$c4\5$e01-apr-2005$fGBP16.22$g0$hP$5Uk
=ACF  \\$aPrevious copyright fee: GBP16.67$c4\5$e01-jan-2005$fGBP16.67$g0$hP$5Uk
=ACF  \\$aPrevious copyright fee: GBP13.51$c4\5$e08-apr-2004$fGBP13.51$g0$hP$5Uk
=ACF  \\$aCurrent copyright fee: GBP5.00$c0$e24-feb-2004$fGBP5.00$g0$hA$5Uk
=ACF  \\$aCurrent copyright fee: GBP16.75$c4\5$e01-jan-2007$fGBP16.75$g0$hP$5Uk
=ACF  \\$aPrevious copyright fee: GBP18.00$c29\0$e18-nov-2008$fGBP18.00$g0$hP$5Uk
=ACF  \\$aPrevious copyright fee: GBP20.00$c29\0$e01-jan-2013$fGBP20.00$g0$hP$5Uk
=ACF  \\$aPrevious copyright fee: GBP23.00$c29\0$e01-jan-2015$fGBP23.00$g0$hP$5Uk
=ACF  \\$aPrevious copyright fee: GBP24.00$c29\0$e01-jan-2016$fGBP24.00$g0$hP$5Uk
=ACF  \\$aPrevious copyright fee: GBP26.00$c29\0$e01-jan-2017$fGBP26.00$g0$hP$5Uk
=ACF  \\$aPrevious copyright fee: GBP27.00$c29\0$e01-jan-2018$fGBP27.00$g0$hP$5Uk
=ACF  \\$aPrevious copyright fee: GBP28.00$c29\0$e01-jan-2019$fGBP28.00$g0$hP$5Uk
=ACF  \\$aPrevious Copyright Fee: GBP20.00$c29\0$e01-jan-2020$fGBP20.00$g0$hP$5Uk
=CAT  \\$aCONV$b00$c20040425$lBLL90$h0713
=CAT  \\$aIPL-CLA$c20141231$lBLL01$h1650
=CAT  \\$aBATCH-UPD$b00$c20151119$lBLL01$h1551
=CAT  \\$aIPL-CLA$c20151231$lBLL01$h1919
=CAT  \\$aBATCH-UPD$b00$c20160524$lBLL01$h2209
=CAT  \\$aBATCH-UPD$b00$c20160525$lBLL01$h0014
=CAT  \\$aBATCH-UPD$b00$c20161122$lBLL01$h1520
=CAT  \\$aIPL-CLA$c20161230$lBLL01$h2114
=CAT  \\$aBATCH-UPD$b00$c20171121$lBLL01$h1703
=CAT  \\$aW1711-1005$c20171206$lBLL01$h1816
=CAT  \\$aIPL-CLA$c20171231$lBLL01$h1624
=CAT  \\$aBATCH-UPD$b00$c20181217$lBLL01$h1651
=CAT  \\$aIPL-CLA$c20181231$lBLL01$h1540
=CAT  \\$aW1910-0530$c20191007$lBLL01$h1114
=CAT  \\$aR1911-1518$c20191206$lBLL01$h1419
=CAT  \\$aIPL-CLA$c20191231$lBLL01$h1922
=CAT  \\$a5410$b40$c20200312$lBLL01$h0843
=CAT  \\$aBATCH-UPD$b40$c20220308$lBLL01$h1734
=CAT  \\$aIPL-CLA$c20220331$lBLL01$h1951
=CAT  \\$a5410$b40$c20221011$lBLL01$h0917
=CAT  \\$a12654$b40$c20230307$lBLL01$h0812
=CAT  \\$aS2302-1302$c20230322$lBLL01$h1708
=CAT  \\$aS2302-1302$c20230323$lBLL01$h1444
=CAT  \\$aIPL-CLA$c20230331$lBLL01$h1546
=CAT  \\$aS2304-0519$c20230412$lBLL01$h1139
=CAT  \\$aBATCH-SUPP$c20230426$lBLL01$h1108
=CFI  0\$aCurrent Copyright Fee: GBP32.00$c29\0$e01-apr-2023$fGBP32.00$g0$hP$5Uk
=CFI  2\$aPrevious copyright fee: GBP22.00$c29\0$e01-apr-2022$fGBP22.00$g0$hP$5Uk
=EST  \\$a1
=FFP  \\$aY$bBLDSS-3PM
=FIN  \\$aY
=FMT  \\$a  SE
=LAS  \\$aBATCH-SUPP$b00$c20230426$lBLL01$h1108
=LEO  \\$aMP10.0000632225
=LET  \0$aReview of finance (Electronic)
=LKR  \\$aPAR$b009221574$lBLL01$r776$mReview of finance (Online)$nReview of finance
=MNI  \\$a1572-3097
=SID  \\$aZ39$bOCLC
=SRC  \\$aDSS01$bbibmp10.200404.2.aa
=TCO  \\$aNLD$bSTICHTING REPRORECHT$c008
=TCO  \\$aCLA$bCLA$c008
=TOC  \\$aETOC
=UNO  \\$aY

