=LDR  05789cas a2201309 a 4500
=001  012434957
=003  Uk
=005  20230426110821.0
=006  m\\\\\o\\d\\\\\\\\
=007  cr\|||||||||||
=008  990212c19889999ncuqr\pso\o\\\0\\\a0eng\c
=010  \\$asn 99023363 $z   00238481 
=015  \\$aGBB407762$2bnb
=019  c\$a102345798
=022  0\$a1465-7368$202
=035  \\$a(OCoLC)40777420
=037  \\$arevfin$bOxford University Press
=037  3\$aISSN_08939454$bPortico$nOxford University Press
=040  \\$aMiU$beng$cMiU$dOCoLC$dIaAS$dInU$dOCoLC$dGU$dOCoLC$dOCLCO$dOCoLC$dUk
=042  \\$aissnuk$aukblsr
=043  \\$an-us---
=050  14$aHG1
=082  04$a332$223
=130  0\$aReview of financial studies (Online)
=222  \0$aReview of financial studies$b(Online)
=245  14$aThe review of financial studies$h[electronic resource].
=260  \\$aOxford :$bOxford University Press
=310  \\$aQuarterly
=336  \\$atext$2rdacontent
=337  \\$acomputer$2rdamedia
=338  \\$aonline resource$2rdacarrier
=362  0\$aVol. 1, no. 1 (spring 1988)-
=500  \\$aPlace of publication varies: New York, N.Y., 1988-vol. 3, no. 1; Cary, N.C., v. 3, no. 2-.
=515  \\$aVol. 2, no. 1-v. 6, no. 3 lack season designations.
=520  \\$aA forum for the promotion and dissemination of new research in financial economics.
=530  \\$aAlso issued in print.
=538  \\$aMode of access: World Wide Web.
=540  \\$aCurrent Copyright Fee: GBP42.00$c29\0$5Uk
=588  \\$aDescription based on JSTOR World Wide Web homepage; title from title screen (viewed Feb. 12, 1999).
=588  \\$aLatest issue consulted: volume 27, issue 2 (February 2014) (Oxford Journals, viewed January 22, 2014).
=650  \0$aFinance$zUnited States$vPeriodicals.
=650  \0$aFinance$vPeriodicals.
=690  7\$aManagement and Business Studies$2blcoll
=710  2\$aSociety for Financial Studies.
=776  1\$tReview of financial studies$x0893-9454
=852  41$aBritish Library$bHMNTS$jELD Digital store$3Volume 3:Number 2(1990)-***Previous issues available in print copy
=852  41$aBritish Library$bDSC$j7790.565000$3Volume 9:Issue 1(1996)-Volume 28:Issue 2(2015)***See ESTAR for full holdings.
=856  \\$31850-9999$uhttp://ukcatalogue.oup.com/$xBLDSS
=856  40$uhttp://rfs.oxfordjournals.org/
=856  40$uhttp://www.jstor.org/journals/08939454.html
=856  40$uhttp://www3.oup.co.uk/revfin/
=859  \\$aELD$bejournal
=859  \\$aXLD$bejournal$cSFX
=945  \\$aReview of financial studies
=959  \\$fCurrently available
=979  \\$aBritish Library$bDSC$j7790.565000
=A02  \\$a102345798
=ACF  \\$aPrevious copyright fee: GBP12.00$c29\0$e01-jan-2004$fGBP12.00$g0$hP$5Uk
=ACF  \\$aCurrent copyright fee: GBP8.00$c29\0$e01-apr-2002$fGBP8.00$g0$hP$5Uk
=ACF  \\$aCurrent copyright fee: GBP8.00$c0$e01-jul-2001$fGBP8.00$g0$hC$5Uk
=ACF  \\$aPrevious Copyright Fee: GBP13.00$c29\0$e01-jan-2006$fGBP13.00$g0$hP$5Uk
=ACF  \\$aPrevious copyright fee: GBP12.00$c0$e01-jan-2012$fGBP12.00$g0$hA$5Uk
=ACF  \\$aPrevious copyright fee: GBP14.00$c29\0$e01-jan-2008$fGBP14.00$g0$hP$5Uk
=ACF  \\$aPrevious copyright fee: GBP20.00$c29\0$e01-jan-2013$fGBP20.00$g0$hP$5Uk
=ACF  \\$aPrevious copyright fee: GBP23.00$c29\0$e01-jan-2015$fGBP23.00$g0$hP$5Uk
=ACF  \\$aPrevious copyright fee: GBP24.00$c29\0$e01-jan-2016$fGBP24.00$g0$hP$5Uk
=ACF  \\$aPrevious copyright fee: GBP26.00$c29\0$e01-jan-2017$fGBP26.00$g0$hP$5Uk
=ACF  \\$aPrevious copyright fee: GBP27.00$c29\0$e01-jan-2018$fGBP27.00$g0$hP$5Uk
=ACF  \\$aPrevious copyright fee: GBP28.00$c29\0$e01-jan-2019$fGBP28.00$g0$hP$5Uk
=ACF  \\$aPrevious Copyright Fee: GBP29.00$c29\0$e01-jan-2020$fGBP29.00$g0$hP$5Uk
=CAT  \\$aCONV$b00$c20040425$lBLL90$h0713
=CAT  \\$aIPL-CLA$c20141231$lBLL01$h1650
=CAT  \\$aBATCH-UPD$b00$c20151119$lBLL01$h1551
=CAT  \\$aIPL-CLA$c20151231$lBLL01$h1919
=CAT  \\$aBATCH-UPD$b00$c20160524$lBLL01$h2209
=CAT  \\$aBATCH-UPD$b00$c20160525$lBLL01$h0014
=CAT  \\$aBATCH-UPD$b00$c20161122$lBLL01$h1520
=CAT  \\$aIPL-CLA$c20161230$lBLL01$h2114
=CAT  \\$aBATCH-UPD$b00$c20171121$lBLL01$h1703
=CAT  \\$aW1711-1005$c20171206$lBLL01$h1816
=CAT  \\$aIPL-CLA$c20171231$lBLL01$h1624
=CAT  \\$aBATCH-UPD$b00$c20181217$lBLL01$h1651
=CAT  \\$aIPL-CLA$c20181231$lBLL01$h1540
=CAT  \\$aW1910-0530$c20191007$lBLL01$h1114
=CAT  \\$aR1911-1518$c20191206$lBLL01$h1405
=CAT  \\$aIPL-CLA$c20191231$lBLL01$h1922
=CAT  \\$a5410$b40$c20200312$lBLL01$h0841
=CAT  \\$aBATCH-UPD$b40$c20220308$lBLL01$h1727
=CAT  \\$aIPL-CLA$c20220331$lBLL01$h1951
=CAT  \\$a5410$b40$c20221011$lBLL01$h0919
=CAT  \\$a12654$b40$c20230307$lBLL01$h0818
=CAT  \\$aS2302-1302$c20230322$lBLL01$h1708
=CAT  \\$aS2302-1302$c20230323$lBLL01$h1444
=CAT  \\$aIPL-CLA$c20230331$lBLL01$h1546
=CAT  \\$aS2304-0519$c20230412$lBLL01$h1139
=CAT  \\$aBATCH-SUPP$c20230426$lBLL01$h1108
=CFI  0\$aCurrent Copyright Fee: GBP42.00$c29\0$e01-apr-2023$fGBP42.00$g0$hP$5Uk
=CFI  2\$aPrevious copyright fee: GBP32.00$c29\0$e01-apr-2022$fGBP32.00$g0$hP$5Uk
=EST  \\$a1
=FFP  \\$aY$bBLDSS-3PM
=FIN  \\$aY$d20140122
=FMT  \\$a  SE
=LAS  \\$aBATCH-SUPP$b00$c20230426$lBLL01$h1108
=LEO  \\$aMP10.0000632227
=LET  \4$aThe review of financial studies (Electronic)
=LKR  \\$aPAR$b007245454$lBLL01$r776$mThe review of financial studies (Online)$nReview of financial studies (Print).
=MNI  \\$a0893-9454
=SRC  \\$aDSS01$bbibmp10.200404.2.aa
=SRC  \\$aBLL02
=TCO  \\$aCLA$bCLA$c008
=TOC  \\$aETOC
=UNO  \\$aY

