=LDR  06281cas a2201453 a 4500
=001  012435033
=003  Uk
=005  20230426110821.0
=006  m\\\\\o\\d\\\\\\\\
=007  cr\cn|||||||||
=008  030612c19889999enkqr\pso\\\\\0\\\a0eng\c
=010  \\$a2008233324
=015  \\$aGBB411978$2bnb
=016  \\$a012435033
=019  c\$a102345799
=022  \\$a1477-4666$202
=035  \\$a(OCoLC)52423165$z(OCoLC)70708356
=037  \\$asochis$bOxford University Press
=037  3\$aISSN_0951631X$bPortico$nOxford University Press
=040  \\$aHNK$beng$cHNK$dOCLCQ$dOCL$dVRC$dGUA$dCUD$dGUA$dOCLCQ$dUKMGB$dOCLCQ$dAGL$dOCLCQ$dOCLCF$dUk
=042  \\$aissnuk$aukblsr
=050  14$aR131.A1$bS58
=060  00$aW1$bSO105P
=070  0\$aR131.A1$bS63
=082  04$a362.109$223
=130  0\$aSocial history of medicine (Online)
=222  \0$aSocial history of medicine$b(Online)
=245  10$aSocial history of medicine$h[electronic resource].
=260  \\$aOxford :$bOxford University Press
=310  \\$aQuarterly,$b2012-
=321  \\$aThree no. a year,$b-2011
=336  \\$atext$2rdacontent
=337  \\$acomputer$2rdamedia
=338  \\$aonline resource$2rdacarrier
=362  1\$aPrint began with vol. 1, no. 1 (Apr. 1988).
=530  \\$aAlso issued in print.
=538  \\$aMode of access: World Wide Web.
=540  \\$aCurrent Copyright Fee: GBP42.00$c29\0$5Uk
=550  \\$aJournal of the Society for the Social History of Medicine.
=580  \\$aOriginal print version of this title was preceded by an earlier title: Bulletin (Society for the Social History of Medicine).
=588  \\$aDescription based on: Vol. 9, no. 1 (1996); title from contents screen (Oxford Journals, viewed Mar. 4, 2008).
=588  \\$aLatest issue consulted: volume 27, number 1 (February 2014), viewed February 3, 2014.
=595  \\$aFORMERLY 2758.682 UP TO 41, 1987 SEE ALSO SERIAL RECORDS RCN.
=610  20$aSociety for the Social History of Medicine$vPeriodicals.
=610  27$aSociety for the Social History of Medicine$2fast
=650  \0$aMedicine$xHistory$vPeriodicals.
=650  \0$aSocial medicine$xHistory$vPeriodicals.
=650  \7$aMedicine.$2fast
=650  \7$aSocial medicine.$2fast
=655  \7$aHistory.$2fast
=655  \7$aPeriodicals.$2fast
=690  7\$aSocial Welfare$2blcoll
=710  2\$aSociety for the Social History of Medicine.
=776  1\$tSocial history of medicine$x0951-631X
=852  41$aBritish Library$bHMNTS$jELD Digital store$3Volume 27:Number 1(2014:Feb.)-***Previous issues available in print copy
=852  41$aBritish Library$bDSC$j8318.099000$3apr-2002 VOL 15 PART 1-Volume 35:Issue 3(2022)***See ESTAR for full holdings.
=856  \\$31850-9999$uhttp://ukcatalogue.oup.com/$xBLDSS
=856  40$uhttp://shm.oxfordjournals.org
=856  40$uhttp://www3.oup.co.uk/sochis
=859  \\$aELD$bejournal
=859  \\$aXLD$bejournal$cSFX
=945  \\$aSOCIAL HISTORY OF MEDICINE.
=959  \\$fCurrently available
=963  \\$aVOL. 1, 1988- *A=1$bY$cL301.B.19
=964  \\$aVOL. 1, 1988- *A=1$c93 SOCIAL$dO
=979  \\$aBritish Library$bDSC$j8318.099000
=A02  \\$a102345799
=ACF  \\$aPrevious copyright fee: GBP12.00$c29\0$e01-jan-2004$fGBP12.00$g0$hP$5Uk
=ACF  \\$aCurrent copyright fee: GBP8.00$c29\0$e01-apr-2002$fGBP8.00$g0$hP$5Uk
=ACF  \\$aCurrent copyright fee: GBP8.00$c0$e01-jul-2000$fGBP8.00$g0$hC$5Uk
=ACF  \\$aPrevious copyright fee: GBP13.00$c29\0$e01-jan-2006$fGBP13.00$g0$hP$5Uk
=ACF  \\$aPrevious copyright fee: GBP14.00$c29\0$e01-jan-2008$fGBP14.00$g0$hP$5Uk
=ACF  \\$aPrevious copyright fee: GBP20.00$c29\0$e01-jan-2013$fGBP20.00$g0$hP$5Uk
=ACF  \\$aPrevious copyright fee: GBP23.00$c29\0$e01-jan-2015$fGBP23.00$g0$hP$5Uk
=ACF  \\$aPrevious copyright fee: GBP24.00$c29\0$e01-jan-2016$fGBP24.00$g0$hP$5Uk
=ACF  \\$aPrevious copyright fee: GBP26.00$c29\0$e01-jan-2017$fGBP26.00$g0$hP$5Uk
=ACF  \\$aPrevious copyright fee: GBP27.00$c29\0$e01-jan-2018$fGBP27.00$g0$hP$5Uk
=ACF  \\$aPrevious copyright fee: GBP28.00$c29\0$e01-jan-2019$fGBP28.00$g0$hP$5Uk
=ACF  \\$aPrevious Copyright Fee: GBP29.00$c29\0$e01-jan-2020$fGBP29.00$g0$hP$5Uk
=CAT  \\$aCONV$b00$c20040425$lBLL90$h0713
=CAT  \\$aIPL-CLA$c20141231$lBLL01$h1650
=CAT  \\$aBATCH-UPD$b00$c20151119$lBLL01$h1551
=CAT  \\$aIPL-CLA$c20151231$lBLL01$h1919
=CAT  \\$aBATCH-UPD$b00$c20160524$lBLL01$h2209
=CAT  \\$aBATCH-UPD$b00$c20160525$lBLL01$h0015
=CAT  \\$aBATCH-016$c20160608$lBLL01$h1429
=CAT  \\$aBATCH-UPD$b00$c20161122$lBLL01$h1520
=CAT  \\$aIPL-CLA$c20161230$lBLL01$h2114
=CAT  \\$aBATCH-UPD$b00$c20171121$lBLL01$h1703
=CAT  \\$aW1711-1005$c20171206$lBLL01$h1816
=CAT  \\$aIPL-CLA$c20171231$lBLL01$h1624
=CAT  \\$aBATCH-UPD$b00$c20181217$lBLL01$h1651
=CAT  \\$aIPL-CLA$c20181231$lBLL01$h1540
=CAT  \\$aW1910-0530$c20191007$lBLL01$h1114
=CAT  \\$aR1911-1518$c20191206$lBLL01$h1405
=CAT  \\$aIPL-CLA$c20191231$lBLL01$h1922
=CAT  \\$aBATCH-UPD$b00$c20220308$lBLL01$h1727
=CAT  \\$aIPL-CLA$c20220331$lBLL01$h1951
=CAT  \\$a8871$b40$c20220907$lBLL01$h0929
=CAT  \\$a12654$b40$c20221103$lBLL01$h1225
=CAT  \\$aS2302-1302$c20230322$lBLL01$h1708
=CAT  \\$aS2302-1302$c20230323$lBLL01$h1444
=CAT  \\$aIPL-CLA$c20230331$lBLL01$h1546
=CAT  \\$aS2304-0519$c20230412$lBLL01$h1139
=CAT  \\$aBATCH-SUPP$c20230426$lBLL01$h1108
=CFI  0\$aCurrent Copyright Fee: GBP42.00$c29\0$e01-apr-2023$fGBP42.00$g0$hP$5Uk
=CFI  2\$aPrevious copyright fee: GBP32.00$c29\0$e01-apr-2022$fGBP32.00$g0$hP$5Uk
=EST  \\$a1
=FFP  \\$aY$bBLDSS-3PM
=FIN  \\$aY$d20140203
=FIN  \\$aY$b20221103
=FMT  \\$a  SE
=LAS  \\$aBATCH-SUPP$b00$c20230426$lBLL01$h1108
=LEO  \\$aMP10.0000632303
=LEO  \\$aMP22.0000069202
=LET  \0$aSocial history of medicine (Electronic)
=LKR  \\$aPAR$b010192463$lBLL01$r776$mSocial history of medicine (Online)$nSocial history of medicine
=MNI  \\$a0951-631X
=SID  \\$aZ39$bOCLC
=SRC  \\$aISN01$bbibmp22.200404.2.aa
=SRC  \\$aDSS01$bbibmp10.200404.2.aa
=TCO  \\$aCLA$bCLA$c008
=TOC  \\$aETOC
=UNO  \\$aY

