=LDR  05876cas a2201297 a 4500
=001  012435132
=003  Uk
=005  20230426110821.0
=006  m\\\\\\\\d\\\\\\\\
=007  cr\|||||||||||
=008  010516c19829999enkqr\poo\\\\\0\\\a0eng\c
=015  \\$aGBB407067$2bnb
=019  c\$a102231815
=022  0\$a1471-6976$202
=035  \\$a(WaSeSS)ssj0016188
=035  \\$a(UkCU)4284967
=037  \\$ateamat$bOxford University Press
=037  3\$aISSN_02683679$bPortico$nOxford University Press
=038  \\$aOCoLC
=040  \\$aRPB$beng$cRPB$dOCoLC$dWaU$dOCoLC$dCaQMUQ$dOCoLC$dWaSeSS$dUk
=042  \\$aissnuk$aukblsr
=050  14$aQA11.A1
=082  04$a510.712$223
=130  0\$aTeaching mathematics and its applications (Online)
=210  0\$aTeach. math. appl.$b(Online)
=222  \0$aTeaching mathematics and its applications$b(Online)
=245  10$aTeaching mathematics and its applications$h[electronic resource] :$ban international journal of the IMA.
=260  \\$a[Oxford, UK] :$bOxford University Press on behalf of Institute of Mathematics and Its Applications,$c1982-
=310  \\$aQuarterly
=336  \\$atext$2rdacontent
=337  \\$acomputer$2rdamedia
=338  \\$aonline resource$2rdacarrier
=362  1\$aPrint began with vol. 1, no. 1, published in 1982.
=500  \\$aIncludes abstracts and contents for 1996->.
=540  \\$aCurrent Copyright Fee: GBP32.00$c29\0$5Uk
=588  \\$aDescription based on: Vol. 19, no. 1 (Mar. 2000); title from contents (viewed Jan. 2, 2003).
=588  \\$aLatest issue consulted: volume 32, number 4 (December 2013) (Oxford journals, viewed January 16, 2014).
=650  \0$aMathematics$xStudy and teaching (Secondary)$vPeriodicals.
=650  \0$aMathematics$xStudy and teaching (Higher)$vPeriodicals.
=710  2\$aInstitute of Mathematics and Its Applications.
=710  2\$aOxford University Press.
=776  08$iAlso issued in print as:$tTeaching mathematics and its applications$x0268-3679
=852  41$aBritish Library$bHMNTS$jELD Digital store$3Volume 33:Number 1(2014:Mar.)-***Previous issues available in print copy
=852  41$aBritish Library$bDSC$j8614.289000$3mar-2000 VOL 19 PART 1-Volume 30:Issue 4(2011)***See ESTAR for full holdings.
=856  \\$31850-9999$uhttp://ukcatalogue.oup.com/$xBLDSS
=856  40$uhttp://teamat.oxfordjournals.org/
=859  \\$aELD$bejournal
=859  \\$aXLD$bejournal$cSFX
=945  \\$aTEACHING MATHEMATICS AND ITS APPLICATIONS.
=959  \\$fCurrently available
=963  \\$aVOL. 1, 1982- *A=1$bY$cL348.B.128
=979  \\$aBritish Library$bDSC$j8614.289000
=985  \\$aCorrected by BSS-generated file for WR# 08/157
=985  \\$aCorrected by MS generated file for WR# 12.018
=985  \\$aCONFERENCE ANALYTIC &RECORDS EXIST
=A02  \\$a102231815
=ACF  \\$aPrevious copyright fee: GBP15.00$c29\0$e01-jan-2004$fGBP15.00$g0$hP$5Uk
=ACF  \\$aCurrent copyright fee: GBP10.00$c29\0$e01-apr-2002$fGBP10.00$g0$hP$5Uk
=ACF  \\$aCurrent copyright fee: GBP13.00$c0$e01-jul-2001$fGBP13.00$g0$hC$5Uk
=ACF  \\$aPrevious copyright fee: GBP16.00$c29\0$e01-jan-2006$fGBP16.00$g0$hP$5Uk
=ACF  \\$aPrevious copyright fee: GBP18.00$c29\0$e01-jan-2008$fGBP18.00$g0$hP$5Uk
=ACF  \\$aPrevious copyright fee: GBP20.00$c29\0$e01-jan-2013$fGBP20.00$g0$hP$5Uk
=ACF  \\$aPrevious copyright fee: GBP23.00$c29\0$e01-jan-2015$fGBP23.00$g0$hP$5Uk
=ACF  \\$aPrevious copyright fee: GBP24.00$c29\0$e01-jan-2016$fGBP24.00$g0$hP$5Uk
=ACF  \\$aPrevious copyright fee: GBP26.00$c29\0$e01-jan-2017$fGBP26.00$g0$hP$5Uk
=ACF  \\$aPrevious copyright fee: GBP27.00$c29\0$e01-jan-2018$fGBP27.00$g0$hP$5Uk
=ACF  \\$aPrevious copyright fee: GBP28.00$c29\0$e01-jan-2019$fGBP28.00$g0$hP$5Uk
=ACF  \\$aPrevious Copyright Fee: GBP20.00$c29\0$e01-jan-2020$fGBP20.00$g0$hP$5Uk
=CAT  \\$aCONV$b00$c20040425$lBLL90$h0713
=CAT  \\$aIPL-CLA$c20141231$lBLL01$h1650
=CAT  \\$aBATCH-UPD$b00$c20151119$lBLL01$h1551
=CAT  \\$aIPL-CLA$c20151231$lBLL01$h1919
=CAT  \\$aBATCH-UPD$b00$c20160524$lBLL01$h2209
=CAT  \\$aBATCH-UPD$b00$c20160525$lBLL01$h0015
=CAT  \\$aBATCH-UPD$b00$c20161122$lBLL01$h1520
=CAT  \\$aIPL-CLA$c20161230$lBLL01$h2114
=CAT  \\$aBATCH-UPD$b00$c20171121$lBLL01$h1703
=CAT  \\$aW1711-1005$c20171206$lBLL01$h1816
=CAT  \\$aIPL-CLA$c20171231$lBLL01$h1624
=CAT  \\$aBATCH-UPD$b00$c20181217$lBLL01$h1651
=CAT  \\$aIPL-CLA$c20181231$lBLL01$h1540
=CAT  \\$aW1910-0530$c20191007$lBLL01$h1114
=CAT  \\$aR1911-1518$c20191206$lBLL01$h1419
=CAT  \\$aIPL-CLA$c20191231$lBLL01$h1922
=CAT  \\$a5410$b40$c20200210$lBLL01$h1411
=CAT  \\$aBATCH-UPD$b40$c20220308$lBLL01$h1734
=CAT  \\$aIPL-CLA$c20220331$lBLL01$h1951
=CAT  \\$a5410$b40$c20221014$lBLL01$h1021
=CAT  \\$a12654$b40$c20230307$lBLL01$h1119
=CAT  \\$aS2302-1302$c20230322$lBLL01$h1708
=CAT  \\$aS2302-1302$c20230323$lBLL01$h1444
=CAT  \\$aIPL-CLA$c20230331$lBLL01$h1546
=CAT  \\$aS2304-0519$c20230412$lBLL01$h1139
=CAT  \\$aBATCH-SUPP$c20230426$lBLL01$h1108
=CFI  0\$aCurrent Copyright Fee: GBP32.00$c29\0$e01-apr-2023$fGBP32.00$g0$hP$5Uk
=CFI  2\$aPrevious copyright fee: GBP22.00$c29\0$e01-apr-2022$fGBP22.00$g0$hP$5Uk
=EST  \\$a1
=FFP  \\$aY$bBLDSS-3PM
=FIN  \\$aY
=FMT  \\$a  SE
=LAS  \\$aBATCH-SUPP$b00$c20230426$lBLL01$h1108
=LEO  \\$aMP22.0000065042
=LEO  \\$aMP10.0000632402
=LKR  \\$aPAR$b011813700$lBLL01$nTeaching mathematics and its applications (Print)$mTeaching mathematics and its applications (Online)$r776
=MNI  \\$a0268-3679
=SID  \\$aZ39$bRLUK
=SRC  \\$aISN01$bbibmp22.200404.2.aa
=SRC  \\$aDSS01$bbibmp10.200404.2.aa
=TCO  \\$aCLA$bCLA$c008
=TOC  \\$aETOC
=UNO  \\$aY

