=LDR  06154cas a2201333 a 4500
=001  012435174
=003  Uk
=005  20230426110821.0
=006  m\\\\\o\\d\\\\\\\\
=007  cr\mnu||||||||
=008  971022c19989999ncumr\pso\\\\\0\\\a0eng\c
=010  \\$asn 97001446
=015  \\$aGBB407678$2bnb
=019  c\$a102564693
=022  0\$a1096-0929$y1096-6080$202
=035  \\$a(OCoLC)37825607$z(OCoLC)42646591$z(OCoLC)47925120$z(OCoLC)49379510$z(OCoLC)51090895
=037  \\$atoxsci$bOxford University Press
=037  3\$aISSN_10966080$bPortico$nOxford University Press
=040  \\$aNSD$beng$cNSD$dNLM$dOCL$dNSD$dOCL$dMYG$dNSD$dMXC$dOCLCQ$dMYG$dOCLCQ$dIWA$dOCLCQ$dOCLCO$dOCLCQ$dDLC$dOCLCF$dUk
=042  \\$ansdp$aissnuk$aukblsr
=050  14$aRA1190$b.F86
=082  04$a615.9$223
=130  0\$aToxicological sciences (Online)
=210  0\$aToxicol. sci.$b(Online)
=222  \0$aToxicological sciences$b(Online)
=245  10$aToxicological sciences$h[electronic resource].
=260  \\$aSan Diego, CA :$bAcademic Press,$cc1998-
=260  3\$3<2013- >:$aCary, NC :$bOxford University Press
=310  \\$aMonthly
=336  \\$atext$2rdacontent
=337  \\$acomputer$2rdamedia
=338  \\$aonline resource$2rdacarrier
=362  0\$aVol. 41, no. 1 (1998)-
=500  \\$aTitle from journal information screen (viewed Aug. 17, 1998).
=520  \\$aA journal assessing the potential adverse health effects resulting from the exposure of humans or animals to chemicals, drugs, natural products, or synthetic materials.
=540  \\$aCurrent Copyright Fee: GBP42.00$c29\0$5Uk
=580  \\$aIncludes issues of earlier title: Fundamental and applied toxicology (Online).
=588  \\$aLatest issue consulted: volume 137, issue 1 (January 2014) (Oxford Journals, viewed January 21, 2014).
=595  \\$aFORMERLY 4056.0305 UP TO VOL. 40, 1997.
=650  \0$aToxicology$vPeriodicals.
=650  \2$aToxicology$vPeriodicals.
=650  \7$aToxicology.$2fast
=655  \7$aPeriodicals.$2fast
=710  2\$aSociety of Toxicology (U.S.),$eissuing body.
=776  08$iAlso issued in print as:$tToxicological sciences$x1096-6080
=780  10$tFundamental and applied toxicology (Online)$x1095-6832
=852  41$aBritish Library$bHMNTS$jELD Digital store$3Volume 137:Number 1(2014:Jan.)-***Previous issues available in print copy
=852  41$aBritish Library$bDSC$j8873.031900$3jan-2000 VOL 53 PART 1-Volume 187:Issue 2(2022)***See ESTAR for full holdings.
=856  \\$31850-9999$uhttp://ukcatalogue.oup.com/$xBLDSS
=856  40$3<Jan. 1998>-Dec. 1998$uhttp://www.sciencedirect.com/science/journal/10966080
=856  40$uhttp://toxsci.oxfordjournals.org/
=859  \\$aELD$bejournal
=859  \\$aXLD$bejournal$cSFX
=945  \\$aToxicological sciences
=959  \\$fCurrently available
=979  \\$aBritish Library$bDSC$j8873.031900
=985  \\$aCONFERENCE ANALYTIC RECORDS EXIST
=985  \\$aISSN description based on portal record ; responsibility transferred from US Center 28.8.13.
=A02  \\$a102564693
=ACF  \\$aPrevious copyright fee: GBP15.00$c29\0$e01-jan-2004$fGBP15.00$g0$hP$5Uk
=ACF  \\$aCurrent copyright fee: GBP10.00$c29\0$e01-apr-2002$fGBP10.00$g0$hP$5Uk
=ACF  \\$aCurrent copyright fee: GBP10.00 British Library not licensed to FAX$c0$e01-jul-2000$fGBP10.00$g0$hC$iFAX is CLA-excluded$5Uk
=ACF  \\$aPrevious Copyright Fee: GBP16.00$c29\0$e01-jan-2006$fGBP16.00$g0$hP$5Uk
=ACF  \\$aPrevious copyright fee: GBP18.00$c29\0$e01-jan-2008$fGBP18.00$g0$hP$5Uk
=ACF  \\$aPrevious copyright fee: GBP20.00$c29\0$e01-jan-2013$fGBP20.00$g0$hP$5Uk
=ACF  \\$aPrevious copyright fee: GBP23.00$c29\0$e01-jan-2015$fGBP23.00$g0$hP$5Uk
=ACF  \\$aPrevious copyright fee: GBP24.00$c29\0$e01-jan-2016$fGBP24.00$g0$hP$5Uk
=ACF  \\$aPrevious copyright fee: GBP26.00$c29\0$e01-jan-2017$fGBP26.00$g0$hP$5Uk
=ACF  \\$aPrevious copyright fee: GBP27.00$c29\0$e01-jan-2018$fGBP27.00$g0$hP$5Uk
=ACF  \\$aPrevious copyright fee: GBP28.00$c29\0$e01-jan-2019$fGBP28.00$g0$hP$5Uk
=ACF  \\$aPrevious Copyright Fee: GBP29.00$c29\0$e01-jan-2020$fGBP29.00$g0$hP$5Uk
=CAT  \\$aCONV$b00$c20040425$lBLL90$h0713
=CAT  \\$aIPL-CLA$c20151231$lBLL01$h1919
=CAT  \\$aBATCH-UPD$b00$c20160523$lBLL01$h0802
=CAT  \\$aBATCH-UPD$b00$c20160524$lBLL01$h2209
=CAT  \\$aBATCH-UPD$b00$c20161122$lBLL01$h1520
=CAT  \\$aIPL-CLA$c20161230$lBLL01$h2114
=CAT  \\$aBATCH-UPD$b00$c20171121$lBLL01$h1703
=CAT  \\$aW1711-1005$c20171206$lBLL01$h1816
=CAT  \\$aIPL-CLA$c20171231$lBLL01$h1624
=CAT  \\$aBATCH-UPD$b00$c20181217$lBLL01$h1651
=CAT  \\$aIPL-CLA$c20181231$lBLL01$h1540
=CAT  \\$aW1910-0530$c20191007$lBLL01$h1114
=CAT  \\$aR1911-1518$c20191206$lBLL01$h1405
=CAT  \\$aIPL-CLA$c20191231$lBLL01$h1922
=CAT  \\$aBATCH-UPD$b00$c20220308$lBLL01$h1727
=CAT  \\$aIPL-CLA$c20220331$lBLL01$h1951
=CAT  \\$a12654$b40$c20221209$lBLL01$h1351
=CAT  \\$a5410$b40$c20230120$lBLL01$h1319
=CAT  \\$a5410$b40$c20230120$lBLL01$h1320
=CAT  \\$a5410$b40$c20230125$lBLL01$h1242
=CAT  \\$aS2302-1302$c20230322$lBLL01$h1708
=CAT  \\$aS2302-1302$c20230323$lBLL01$h1444
=CAT  \\$a12654$b40$c20230329$lBLL01$h1318
=CAT  \\$aIPL-CLA$c20230331$lBLL01$h1546
=CAT  \\$aS2304-0519$c20230412$lBLL01$h1139
=CAT  \\$aBATCH-SUPP$c20230426$lBLL01$h1108
=CFI  0\$aCurrent Copyright Fee: GBP42.00$c29\0$e01-apr-2023$fGBP42.00$g0$hP$5Uk
=CFI  2\$aPrevious copyright fee: GBP32.00$c29\0$e01-apr-2022$fGBP32.00$g0$hP$5Uk
=EST  \\$a1
=FFP  \\$aY$bBLDSS-3PM
=FIN  \\$aY$d20140121
=FMT  \\$a  SE
=LAS  \\$aBATCH-SUPP$b00$c20230426$lBLL01$h1108
=LEO  \\$aMP10.0000632444
=LET  \0$aToxicological sciences (Electronic)
=LKR  \\$aPAR$b009897149$lBLL01$r776$mToxicological sciences (Online)$nToxicological sciences (Print).
=MNI  \\$a1096-6080
=SID  \\$aZ39$bOCLC
=SRC  \\$aDSS01$bbibmp10.200404.2.aa
=TCO  \\$aCLA$bCLA$c008
=TCO  \\$aTRS$bCCC$c008
=TOC  \\$aETOC
=UNO  \\$aY

