=LDR  06547cas a2201333 a 4500
=001  012435184
=003  Uk
=005  20230426110821.0
=006  m\\\\\\\\d\\\\\\\\
=007  cr||||||||||||
=008  040410c19209999enkmr\p\\\\\\\0\\\a0eng\\
=015  \\$aGBB407665$2bnb
=019  c\$a102170413
=022  0\$a1878-3503$202
=037  \\$atrstmh$bOxford University Press
=037  3\$aISSN_00359203_28$bPortico$nOxford University Press
=040  \\$aUk$beng$cUk$dUk
=042  \\$aukblsr$aissnuk
=082  04$a616.9883$223
=130  0\$aTransactions of the Royal Society of Tropical Medicine and Hygiene (Online)
=210  0\$aTrans. R. Soc. Trop. Med. Hyg.$b(Online)
=222  \0$aTransactions of the Royal Society of Tropical Medicine and Hygiene$b(Online)
=245  10$aTransactions of the Royal Society of Tropical Medicine and Hygiene$h[electronic resource].
=246  1\$iIssues for <Jan. 2005-> have title:$aTransactions of the Royal Society of Tropical Medicine & Hygiene
=246  30$aTropical medicine & hygiene
=260  \\$aLondon :$bRoyal Society of Tropical Medicine and Hygiene
=260  2\$aAmsterdam :$bElsevier
=264  31$32013-$aOxford :$bOxford University Press
=310  \\$aMonthly,$b<Jan. 2005->
=321  \\$aEight no. a year (with occasional exceptions),$bMay 1920-1926/27
=321  \\$a6 no. a year,$b1927/28-
=336  \\$atext$2rdacontent
=337  \\$acomputer$2rdamedia
=338  \\$aonline resource$2rdacarrier
=362  0\$aVol. 14 (May 1920)-
=500  \\$aDescription based on print record.
=540  \\$aCurrent Copyright Fee: GBP42.00$c29\0$5Uk
=588  \\$aLatest issue consulted: Volume 107, number 2 (February 2013) (Oxford Journals, viewed January 30, 2013).
=650  \0$aTropical medicine$vPeriodicals.
=710  2\$aRoyal Society of Tropical Medicine and Hygiene.
=776  08$iAlso issued in print:$tTransactions of the Royal Society of Tropical Medicine and Hygiene$x0035-9203
=780  00$tTransactions of the Society of Tropical Medicine and Hygiene$x2055-3080
=852  41$aBritish Library$bHMNTS$jELD Digital store$3Volume 108:Number 1(2014:Jan.)-***Previous issues available in print copy
=852  41$aBritish Library$bDSC$j9003.000000$3Volume 58:Part 4(1964)-Volume 105:Issue 12(2011)***See ESTAR for full holdings.
=856  \\$31850-9999$uhttp://ukcatalogue.oup.com/$xBLDSS
=856  40$uhttp://trstmh.oxfordjournals.org/content/by/year
=859  \\$aELD$bejournal
=859  \\$aXLD$bejournal$cSFX
=945  \\$aTRANSACTIONS- ROYAL SOCIETY OF TROPICAL MEDICINE AND HYGIENE.
=959  \\$fCurrently available
=963  \\$aCA/M-7 1907- *A=1$bY
=964  \\$aVOL. 18, 1924/1925- *A=1$c61$dO$eTL8669
=979  \\$aBritish Library$bDSC$j9003.000000
=985  \\$aFeb. 2013 has link to PDF cover with "Oxford University Press" as publisher, so put this rather than "Oxford Journals".
=985  \\$aCorrected by BSS-generated file for WR# 08/157
=985  \\$aCONFERENCE ANALYTIC RECORDS EXIST
=A02  \\$a102170413
=ACF  \\$aPrevious copyright fee: GBP19.00$c5\1$e01-jan-2008$fGBP19.00$g0$hP$5Uk
=ACF  \\$aPrevious copyright fee: GBP18.00$c5\1$e01-apr-2004$fGBP18.00$g0$hP$5Uk
=ACF  \\$aCurrent copyright fee: GBP20.00$c5\1$e01-jan-2004$fGBP20.00$g0$hP$5Uk
=ACF  \\$aCurrent copyright fee: GBP5.00$c0$e01-jul-2002$fGBP5.00$g0$hC$5Uk
=ACF  \\$aPrevious copyright fee: GBP20.00$c5\1$e01-jan-2009$fGBP20.00$g0$hP$5Uk
=ACF  \\$aPrevious copyright fee: GBP22.50$c5\1$e01-jan-2013$fGBP22.50$g0$hP$5Uk
=ACF  \\$aPrevious copyright fee: GBP21.00$c5\1$e01-jan-2012$fGBP21.00$g0$hP$5Uk
=ACF  \\$aPrevious copyright fee: GBP20.00$c29\0$e10-oct-2013$fGBP20.00$g0$hP$5Uk
=ACF  \\$aPrevious copyright fee: GBP23.00$c29\0$e01-jan-2015$fGBP23.00$g0$hP$5Uk
=ACF  \\$aPrevious copyright fee: GBP24.00$c29\0$e01-jan-2016$fGBP24.00$g0$hP$5Uk
=ACF  \\$aPrevious copyright fee: GBP26.00$c29\0$e01-jan-2017$fGBP26.00$g0$hP$5Uk
=ACF  \\$aPrevious copyright fee: GBP27.00$c29\0$e01-jan-2018$fGBP27.00$g0$hP$5Uk
=ACF  \\$aPrevious copyright fee: GBP28.00$c29\0$e01-jan-2019$fGBP28.00$g0$hP$5Uk
=ACF  \\$aPrevious Copyright Fee: GBP29.00$c29\0$e01-jan-2020$fGBP29.00$g0$hP$5Uk
=CAT  \\$aCONV$b00$c20040425$lBLL90$h0713
=CAT  \\$aBATCH-UPD$b40$c20151119$lBLL01$h1551
=CAT  \\$aIPL-CLA$c20151231$lBLL01$h1919
=CAT  \\$aBATCH-UPD$b00$c20160524$lBLL01$h2209
=CAT  \\$aBATCH-UPD$b00$c20160525$lBLL01$h0015
=CAT  \\$aBATCH-UPD$b00$c20161122$lBLL01$h1520
=CAT  \\$aIPL-CLA$c20161230$lBLL01$h2114
=CAT  \\$aBATCH-UPD$b00$c20171121$lBLL01$h1703
=CAT  \\$aW1711-1005$c20171206$lBLL01$h1816
=CAT  \\$aIPL-CLA$c20171231$lBLL01$h1624
=CAT  \\$aBATCH-UPD$b00$c20181217$lBLL01$h1651
=CAT  \\$aIPL-CLA$c20181231$lBLL01$h1540
=CAT  \\$aW1910-0530$c20191007$lBLL01$h1114
=CAT  \\$aR1911-1518$c20191206$lBLL01$h1406
=CAT  \\$aIPL-CLA$c20191231$lBLL01$h1922
=CAT  \\$a5410$b40$c20200205$lBLL01$h0840
=CAT  \\$aBATCH-UPD$b40$c20220308$lBLL01$h1727
=CAT  \\$aIPL-CLA$c20220331$lBLL01$h1951
=CAT  \\$a5410$b40$c20221014$lBLL01$h1030
=CAT  \\$a12654$b40$c20230307$lBLL01$h1137
=CAT  \\$a12654$b40$c20230307$lBLL01$h1139
=CAT  \\$aS2302-1302$c20230322$lBLL01$h1708
=CAT  \\$aS2302-1302$c20230323$lBLL01$h1444
=CAT  \\$aIPL-CLA$c20230331$lBLL01$h1546
=CAT  \\$aS2304-0519$c20230412$lBLL01$h1139
=CAT  \\$aBATCH-SUPP$c20230426$lBLL01$h1108
=CFI  0\$aCurrent Copyright Fee: GBP42.00$c29\0$e01-apr-2023$fGBP42.00$g0$hP$5Uk
=CFI  2\$aPrevious copyright fee: GBP32.00$c29\0$e01-apr-2022$fGBP32.00$g0$hP$5Uk
=EST  \\$a1
=FFP  \\$aY$bBLDSS-3PM
=FIN  \\$aY
=FMT  \\$a  SE
=LAS  \\$aBATCH-SUPP$b00$c20230426$lBLL01$h1108
=LEO  \\$aMP10.0000632454
=LET  \0$aTransactions of the Royal Society of Tropical Medicine and Hygiene (Electronic)
=LKR  \\$aPAR$b016656443$lBLL01$r78000$mTransactions of the Royal Society of Tropical Medicine and Hygiene (Online)$nTransactions of the Society of Tropical Medicine and Hygiene (Online)
=LKR  \\$aPAR$b011141158$lBLL01$nTransactions of the Royal Society of Tropical Medicine and Hygiene (Print)$mTransactions of the Royal Society of Tropical Medicine and Hygiene (Online)$r776
=MNI  \\$a0035-9203
=SRC  \\$aDSS01$bbibmp10.200404.2.aa
=TCO  \\$aCLA$bCLA$c008
=TCO  \\$aNLD$bSTICHTING REPRORECHT$c008
=TOC  \\$aETOC
=UNO  \\$aY

