=LDR  05976cas a2201381 a 4500
=001  012435229
=003  Uk
=005  20230426110821.0
=006  m\\\\\o\\d\\\\\\\\
=007  cr\cnu||||||||
=008  020619c19909999enkqr\pso\\\\\0\\\a0eng\c
=010  \\$a2002256058
=015  \\$aGBB407326$2bnb
=016  \\$a012435229
=019  c\$a102407155
=022  0\$a1477-4674$l0955-2359$202
=035  \\$a(OCoLC)50024970$z(OCoLC)156952511
=037  \\$atweceb$bOxford University Press
=037  3\$aISSN_09552359$bPortico$nOxford University Press
=040  \\$aRBN$beng$cRBN$dOCLCQ$dOCL$dOCLCS$dZYU$dUQ1$dK6U$dGBT$dOCLCQ$dUKMGB$dOCLCQ$dAGL$dUk
=042  \\$aissnuk$aukblsr
=043  \\$ae-uk---
=050  00$aDA566$b.A15
=070  0\$aDA566$b.A15
=082  04$a941.08205$223
=130  0\$a20 century British history (Online)
=222  \0$aTwentieth century British history$b(Online)
=245  10$aTwentieth century British history$h[electronic resource].
=246  1\$iJournal contents page has title:$a20th century British history
=260  \\$aOxford :$bOxford University Press
=310  \\$aQuarterly,$b1999-
=321  \\$aThree no. a year,$b-1998
=336  \\$atext$2rdacontent
=337  \\$acomputer$2rdamedia
=338  \\$aonline resource$2rdacarrier
=362  0\$aVol. 1, no. 1 (1990)-
=500  \\$aTitle from journal contents page (publisher's Web site, viewed Mar. 15, 2007).
=538  \\$aMode of access: World Wide Web.
=540  \\$aCurrent Copyright Fee: GBP42.00$c29\0$5Uk
=550  \\$aFounded by the Institute of Contemporary British History.
=588  \\$aLatest issue consulted: volume 24, issue 4 (December 2013) (Oxford Journals, viewed January 20, 2014).
=650  \2$aHistory$zGreat Britain$vPeriodicals.
=651  \0$aGreat Britain$xHistory$y20th century$vPeriodicals.
=655  \0$aElectronic journals.
=710  2\$aInstitute of Contemporary British History.
=776  08$iAlso issued in print as:$t20 century British history$x0955-2359
=852  41$aBritish Library$bHMNTS$jELD Digital store$3Volume 25:Number 1(2014)-***Previous issues available in print copy
=852  41$aBritish Library$bDSC$j9076.828000$32002 VOL 13 PART 1-Volume 33:Issue 3(2022)***See ESTAR for full holdings.
=856  \\$31850-9999$uhttp://ukcatalogue.oup.com/$xBLDSS
=856  4\$uhttp://tcbh.oxfordjournals.org/
=856  40$uhttp://www3.oup.co.uk/tweceb/$aOxford University Press
=859  \\$aELD$bejournal
=859  \\$aXLD$bejournal$cSFX
=945  \\$aTWENTIETH CENTURY BRITISH HISTORY.
=959  \\$fCurrently available
=963  \\$aVOL. 1, 1990- *A=1$bY$cP540.C.79
=979  \\$aBritish Library$bDSC$j9076.828000
=985  \\$aRecord merged by DQ team
=985  \\$aCorrected by BSS-generated file for WR# 08/157
=A02  \\$a102407155
=ACF  \\$aPrevious copyright fee: GBP12.00$c29\0$e01-jan-2004$fGBP12.00$g0$hP$5Uk
=ACF  \\$aCurrent copyright fee: GBP8.00$c29\0$e01-apr-2002$fGBP8.00$g0$hP$5Uk
=ACF  \\$aCurrent copyright fee: GBP8.00$c0$e01-jul-2000$fGBP8.00$g0$hC$5Uk
=ACF  \\$aPrevious copyright fee: GBP13.00$c29\0$e01-jan-2006$fGBP13.00$g0$hP$5Uk
=ACF  \\$aPrevious copyright fee: GBP14.00$c29\0$e01-jan-2008$fGBP14.00$g0$hP$5Uk
=ACF  \\$aPrevious copyright fee: GBP20.00$c29\0$e01-jan-2013$fGBP20.00$g0$hP$5Uk
=ACF  \\$aPrevious copyright fee: GBP23.00$c29\0$e01-jan-2015$fGBP23.00$g0$hP$5Uk
=ACF  \\$aPrevious copyright fee: GBP24.00$c29\0$e01-jan-2016$fGBP24.00$g0$hP$5Uk
=ACF  \\$aPrevious copyright fee: GBP26.00$c29\0$e01-jan-2017$fGBP26.00$g0$hP$5Uk
=ACF  \\$aPrevious copyright fee: GBP27.00$c29\0$e01-jan-2018$fGBP27.00$g0$hP$5Uk
=ACF  \\$aPrevious copyright fee: GBP28.00$c29\0$e01-jan-2019$fGBP28.00$g0$hP$5Uk
=ACF  \\$aPrevious Copyright Fee: GBP29.00$c29\0$e01-jan-2020$fGBP29.00$g0$hP$5Uk
=CAT  \\$aCONV$b00$c20040425$lBLL90$h0713
=CAT  \\$aBLDSS-3PM$b00$c20141208$lBLL01$h1624
=CAT  \\$aIPL-CLA$c20141231$lBLL01$h1650
=CAT  \\$aBATCH-UPD$b00$c20151119$lBLL01$h1551
=CAT  \\$aIPL-CLA$c20151231$lBLL01$h1919
=CAT  \\$aBATCH-UPD$b00$c20160524$lBLL01$h2209
=CAT  \\$aBATCH-UPD$b00$c20160525$lBLL01$h0015
=CAT  \\$aBATCH-016$c20160608$lBLL01$h1429
=CAT  \\$aBATCH-UPD$b00$c20161122$lBLL01$h1520
=CAT  \\$aIPL-CLA$c20161230$lBLL01$h2114
=CAT  \\$aBATCH-UPD$b00$c20171121$lBLL01$h1703
=CAT  \\$aW1711-1005$c20171206$lBLL01$h1816
=CAT  \\$aIPL-CLA$c20171231$lBLL01$h1624
=CAT  \\$aBATCH-UPD$b00$c20181217$lBLL01$h1651
=CAT  \\$aIPL-CLA$c20181231$lBLL01$h1540
=CAT  \\$aW1910-0530$c20191007$lBLL01$h1114
=CAT  \\$aR1911-1518$c20191206$lBLL01$h1405
=CAT  \\$aIPL-CLA$c20191231$lBLL01$h1922
=CAT  \\$aBATCH-UPD$b00$c20220308$lBLL01$h1727
=CAT  \\$aIPL-CLA$c20220331$lBLL01$h1951
=CAT  \\$a12654$b40$c20221104$lBLL01$h0925
=CAT  \\$aS2302-1302$c20230322$lBLL01$h1708
=CAT  \\$aS2302-1302$c20230323$lBLL01$h1444
=CAT  \\$aIPL-CLA$c20230331$lBLL01$h1546
=CAT  \\$aS2304-0519$c20230412$lBLL01$h1139
=CAT  \\$aBATCH-SUPP$c20230426$lBLL01$h1108
=CFI  0\$aCurrent Copyright Fee: GBP42.00$c29\0$e01-apr-2023$fGBP42.00$g0$hP$5Uk
=CFI  2\$aPrevious copyright fee: GBP32.00$c29\0$e01-apr-2022$fGBP32.00$g0$hP$5Uk
=EST  \\$a1
=FFP  \\$aY$bBLDSS-3PM
=FIN  \\$aY
=FIN  \\$aY$b20221104
=FMT  \\$a  SE
=LAS  \\$aBATCH-SUPP$b00$c20230426$lBLL01$h1108
=LEO  \\$aMP10.0000632499
=LEO  \\$aMP22.0000069203
=LET  \0$aTwentieth century British history (Electronic)
=LKR  \\$aPAR$b012471511$lBLL01$r776$mTwentieth century British history (Online)$n20 century British history
=MNI  \\$a0955-2359
=SID  \\$aZ39$bOCLC
=SRC  \\$aDSS04$bbibld.200404.2.aa
=SRC  \\$aISN01$bbibmp22.200404.2.aa
=SRC  \\$aDSS01$bbibmp10.200404.2.aa
=TCO  \\$aCLA$bCLA$c008
=TOC  \\$aETOC
=UNO  \\$aY

