=LDR  05862cas a2201345 a 4500
=001  012435283
=003  Uk
=005  20230426110822.0
=006  m\\\\\\\\d\\\\\\\\
=007  cr\|||||||||||
=008  010918c19869999ncutr\pss\\\\i0\\\a0eng\d
=010  \\$a  2005233952
=015  \\$aGBB407720$2bnb
=019  c\$a102329792
=022  \\$a1564-698X$y0258-6770
=035  \\$a(OCoLC)47980831
=037  \\$awber$bOxford University Press
=037  3\$aISSN_02586770$bPortico$nOxford University Press
=040  \\$aPPiU$cPPiU$dDGU-L$dOCoLC$dOCoLC$dOCoLC$dN@F$dGU$dMiU$dUk
=042  \\$aukblsr
=043  \\$ad------
=050  14$aHC59.69
=082  04$a330.91724$223
=130  0\$aWorld Bank economic review (Online)
=222  \4$aThe World Bank economic review$b(Online)
=245  14$aThe World Bank economic review$h[electronic resource].
=246  13$aWBER
=260  \\$aWashington, D.C. :$bWorld Bank
=264  31$aCary, NC :$bOxford University Press
=310  \\$aThree times a year
=336  \\$atext$2rdacontent
=337  \\$acomputer$2rdamedia
=338  \\$aonline resource$2rdacarrier
=362  1\$aBegan publication with v. 1, no. 1 (Sept. 1986).
=500  \\$aDescription based on first issue; title from table of contents page (JSTOR, viewed Oct. 31, 2007).
=500  \\$aPublished: Cary, N.C. : Oxford University Press for the International Bank for Reconstruction and Development/The World Bank, 2001-.
=540  \\$aCurrent Copyright Fee: GBP32.00$c29\0$5Uk
=550  \\$aPublished on behalf of The World Bank.
=588  \\$aLatest issue consulted: volume 27, issue 3 (2013) (Oxford Journals, viewed January 21, 2014).
=595  \\$aSEE ALSO SERIAL RECORDS SCE.
=650  \0$aEconomic development$vPeriodicals.
=651  \0$aDeveloping countries$xEconomic conditions$vPeriodicals.
=651  \0$aDeveloping countries$xEconomic policy$vPeriodicals.
=690  7\$aManagement and Business Studies$2blcoll
=710  2\$aWorld Bank.
=776  08$iPrint version:$tWorld Bank economic review$x0258-6770
=852  41$aBritish Library$bHMNTS$jELD Digital store$3Volume 28:Number 1(2014)-
=852  41$aBritish Library$bDSC$j9352.926200$3sep-2001 VOL 15 PART 1-Volume 25:Issue 3(2011)***See ESTAR for full holdings.
=856  \\$31850-9999$uhttp://ukcatalogue.oup.com/$xBLDSS
=856  40$uhttp://wber.oupjournals.org/
=856  40$uhttp://www.jstor.org/journals/02586770.html
=859  \\$aELD$bejournal
=859  \\$aXLD$bejournal$cSFX
=945  \\$aWORLD BANK ECONOMIC REVIEW.
=959  \\$fCurrently available
=963  \\$aVOL. 1(2), 1987- *A=1$bY$cOP.210.17.054
=979  \\$aBritish Library$bDSC$j9352.926200
=985  \\$aCONFERENCE ANALYTIC RECORDS EXIST
=985  \\$aCorrected by BSS-generated file for WR# 08/157
=A02  \\$a102329792
=ACF  \\$aPrevious copyright fee: GBP15.00$c29\0$e01-jan-2004$fGBP15.00$g0$hP$5Uk
=ACF  \\$aCurrent copyright fee: GBP10.00$c29\0$e01-apr-2002$fGBP10.00$g0$hP$5Uk
=ACF  \\$aCurrent copyright fee: GBP7.03$c0$e01-jul-2001$fGBP7.03$g0$hC$5Uk
=ACF  \\$aPrevious copyright fee: GBP16.00$c29\0$e01-jan-2006$fGBP16.00$g0$hP$5Uk
=ACF  \\$aPrevious copyright fee: GBP18.00$c29\0$e01-jan-2008$fGBP18.00$g0$hP$5Uk
=ACF  \\$aPrevious copyright fee: GBP20.00$c29\0$e01-jan-2013$fGBP20.00$g0$hP$5Uk
=ACF  \\$aPrevious copyright fee: GBP23.00$c29\0$e01-jan-2015$fGBP23.00$g0$hP$5Uk
=ACF  \\$aPrevious copyright fee: GBP24.00$c29\0$e01-jan-2016$fGBP24.00$g0$hP$5Uk
=ACF  \\$aPrevious copyright fee: GBP26.00$c29\0$e01-jan-2017$fGBP26.00$g0$hP$5Uk
=ACF  \\$aPrevious copyright fee: GBP27.00$c29\0$e01-jan-2018$fGBP27.00$g0$hP$5Uk
=ACF  \\$aPrevious copyright fee: GBP28.00$c29\0$e01-jan-2019$fGBP28.00$g0$hP$5Uk
=ACF  \\$aPrevious Copyright Fee: GBP20.00$c29\0$e01-jan-2020$fGBP20.00$g0$hP$5Uk
=CAT  \\$aCONV$b00$c20040425$lBLL90$h0713
=CAT  \\$aIPL-CLA$c20141231$lBLL01$h1650
=CAT  \\$aBATCH-UPD$b00$c20151119$lBLL01$h1551
=CAT  \\$aIPL-CLA$c20151231$lBLL01$h1919
=CAT  \\$aBATCH-UPD$b00$c20160524$lBLL01$h2209
=CAT  \\$aBATCH-UPD$b00$c20160525$lBLL01$h0015
=CAT  \\$aBATCH-UPD$b00$c20161122$lBLL01$h1520
=CAT  \\$aIPL-CLA$c20161230$lBLL01$h2114
=CAT  \\$aBATCH-UPD$b00$c20171121$lBLL01$h1703
=CAT  \\$aW1711-1005$c20171206$lBLL01$h1816
=CAT  \\$aIPL-CLA$c20171231$lBLL01$h1624
=CAT  \\$aBATCH-UPD$b00$c20181217$lBLL01$h1651
=CAT  \\$aIPL-CLA$c20181231$lBLL01$h1540
=CAT  \\$aW1910-0530$c20191007$lBLL01$h1114
=CAT  \\$aR1911-1518$c20191206$lBLL01$h1419
=CAT  \\$aIPL-CLA$c20191231$lBLL01$h1922
=CAT  \\$a5410$b40$c20200124$lBLL01$h1437
=CAT  \\$aBATCH-UPD$b40$c20220308$lBLL01$h1734
=CAT  \\$aIPL-CLA$c20220331$lBLL01$h1951
=CAT  \\$a5410$b40$c20221015$lBLL01$h1112
=CAT  \\$a12654$b40$c20230307$lBLL01$h1422
=CAT  \\$aS2302-1302$c20230322$lBLL01$h1708
=CAT  \\$aS2302-1302$c20230323$lBLL01$h1444
=CAT  \\$aIPL-CLA$c20230331$lBLL01$h1546
=CAT  \\$aS2304-0519$c20230412$lBLL01$h1139
=CAT  \\$aBATCH-SUPP$c20230426$lBLL01$h1108
=CFI  0\$aCurrent Copyright Fee: GBP32.00$c29\0$e01-apr-2023$fGBP32.00$g0$hP$5Uk
=CFI  2\$aPrevious copyright fee: GBP22.00$c29\0$e01-apr-2022$fGBP22.00$g0$hP$5Uk
=EST  \\$a1
=FFP  \\$aY$bBLDSS-3PM
=FIN  \\$aY
=FMT  \\$a  SE
=LAS  \\$aBATCH-SUPP$b00$c20230426$lBLL01$h1108
=LEO  \\$aMP10.0000632553
=LET  \4$aThe World Bank economic review (Electronic)
=LKR  \\$aPAR$b011782913$lBLL01$r776$mThe World Bank economic review (Online)$nThe World Bank economic review (Print)
=MNI  \\$a0258-6770
=SRC  \\$aDSS01$bbibmp10.200404.2.aa
=SRC  \\$aBLL02
=TCO  \\$aFRA$bCFC$c008
=TCO  \\$aTRS$bCCC$c008
=TOC  \\$aETOC
=UNO  \\$aY

