=LDR  06226cas a2201453 a 4500
=001  012435284
=003  Uk
=005  20230426110822.0
=006  m\\\\\o\\d\\\\\\\\
=007  cr\mnu||||||||
=008  010918c19869999ncufr\pso\\\\i0\\\a0eng\c
=010  \\$a2005233953
=015  \\$aGBB407706$2bnb
=019  c\$a102319853
=022  \\$a1564-6971$l0257-3032$y0257-3032
=035  \\$a(OCoLC)47980921
=037  \\$awbro$bOxford University Press
=037  3\$aISSN_02573032$bPortico$nOxford University Press
=040  \\$aPIT$beng$cPIT$dGUL$dOCLCQ$dOCL$dOCLCQ$dGUA$dCUS$dEYM$dOCLCQ$dOCLCF$dUk
=042  \\$aukblsr
=043  \\$ad------
=050  14$aHD72
=082  04$a330$222
=130  0\$aWorld Bank research observer (Online)
=222  \4$aThe World Bank research observer$b(Online)
=245  14$aThe World Bank research observer$h[electronic resource].
=246  30$aResearch observer
=246  13$aWBRO
=260  \\$aWashington, D.C. :$bWorld Bank Publications
=264  31$a[Cary, N.C.] :$bOxford University Press
=310  \\$aSemiannual
=336  \\$atext$2rdacontent
=337  \\$acomputer$2rdamedia
=338  \\$aonline resource$2rdacarrier
=362  1\$aBegan with v. 1, no. 1 (Jan. 1986).
=500  \\$aPublished: Cary, N.C. : Oxford University Press, 2001-.
=538  \\$aMode of access: World Wide Web.
=540  \\$aCurrent Copyright Fee: GBP32.00$c29\0$5Uk
=550  \\$aPublished on behalf of The World Bank.
=588  \\$aDescription based on first issue; title from title page (JSTOR, viewed Oct. 31, 2007).
=588  \\$aLatest issue consulted: volume 28, issue 2 (August 2013) (Oxford Journals, viewed January 21, 2014).
=595  \\$aSee also Serial Records LULS and SHIRL.
=650  \0$aEconomic development$vPeriodicals.
=650  \7$aEconomic development.$2fast
=650  \7$aEconomic history.$2fast
=651  \0$aDeveloping countries$xEconomic conditions$vPeriodicals.
=651  \7$aDeveloping countries.$2fast
=655  \7$aPeriodicals.$2fast
=690  7\$aManagement and Business Studies$2blcoll
=710  2\$aWorld Bank.
=776  08$iPrint version:$tWorld Bank research observer$x0257-3032
=852  41$aBritish Library$bHMNTS$jELD Digital store$3Volume 29:Number 1(2014:Feb.)-
=852  41$aBritish Library$bDSC$j9352.928500$32001 VOL 16 PART 1-Volume 29:Issue 2(2014)***See ESTAR for full holdings.
=856  \\$31850-9999$uhttp://ukcatalogue.oup.com/$xBLDSS
=856  4\$uhttp://www.worldbank.org/research/journals/wbromast.htm
=856  40$uhttp://bibpurl.oclc.org/web/14457
=856  40$uhttp://wbro.oupjournals.org/
=856  40$uhttp://wbro.oxfordjournals.org/
=856  40$uhttp://www.jstor.org/journals/02573032.html
=859  \\$aXLD$bejournal$cSFX
=859  \\$aELD$bejournal
=945  \\$aWorld Bank research observer
=959  \\$fCurrently available
=963  \\$aVOL. 1(2), 1986- *A=1$bY$c0P.210.17.049
=979  \\$aBritish Library$bDSC$j9352.928500
=985  \\$aCorrected by BSS-generated file for WR# 08/157
=985  \\$aCorrected by MS generated file for WR# 12.018
=985  \\$aCONFERENCE ANALYTIC RECORDS EXIST
=A02  \\$a102319853
=ACF  \\$aPrevious copyright fee: GBP15.00$c29\0$e01-jan-2004$fGBP15.00$g0$hP$5Uk
=ACF  \\$aCurrent copyright fee: GBP10.00$c29\0$e01-apr-2002$fGBP10.00$g0$hP$5Uk
=ACF  \\$aCurrent copyright fee: GBP10.00$c0$e01-jul-2001$fGBP10.00$g0$hC$5Uk
=ACF  \\$aPrevious copyright fee: GBP16.00$c29\0$e01-jan-2006$fGBP16.00$g0$hP$5Uk
=ACF  \\$aPrevious copyright fee: GBP18.00$c29\0$e01-jan-2008$fGBP18.00$g0$hP$5Uk
=ACF  \\$aPrevious copyright fee: GBP20.00$c29\0$e01-jan-2013$fGBP20.00$g0$hP$5Uk
=ACF  \\$aPrevious copyright fee: GBP23.00$c29\0$e01-jan-2015$fGBP23.00$g0$hP$5Uk
=ACF  \\$aPrevious copyright fee: GBP24.00$c29\0$e01-jan-2016$fGBP24.00$g0$hP$5Uk
=ACF  \\$aPrevious copyright fee: GBP26.00$c29\0$e01-jan-2017$fGBP26.00$g0$hP$5Uk
=ACF  \\$aPrevious copyright fee: GBP27.00$c29\0$e01-jan-2018$fGBP27.00$g0$hP$5Uk
=ACF  \\$aPrevious copyright fee: GBP28.00$c29\0$e01-jan-2019$fGBP28.00$g0$hP$5Uk
=ACF  \\$aPrevious Copyright Fee: GBP20.00$c29\0$e01-jan-2020$fGBP20.00$g0$hP$5Uk
=CAT  \\$aCONV$b00$c20040425$lBLL90$h0713
=CAT  \\$aBLDSS-3PM$b00$c20141208$lBLL01$h1624
=CAT  \\$aIPL-CLA$c20141231$lBLL01$h1650
=CAT  \\$aBATCH-UPD$b00$c20151119$lBLL01$h1551
=CAT  \\$aIPL-CLA$c20151231$lBLL01$h1919
=CAT  \\$aBATCH-UPD$b00$c20160524$lBLL01$h2209
=CAT  \\$aBATCH-UPD$b00$c20160525$lBLL01$h0015
=CAT  \\$aBATCH-UPD$b00$c20161122$lBLL01$h1520
=CAT  \\$aIPL-CLA$c20161230$lBLL01$h2114
=CAT  \\$aBATCH-UPD$b00$c20171121$lBLL01$h1703
=CAT  \\$aW1711-1005$c20171206$lBLL01$h1816
=CAT  \\$aIPL-CLA$c20171231$lBLL01$h1624
=CAT  \\$aBATCH-UPD$b00$c20181217$lBLL01$h1651
=CAT  \\$aIPL-CLA$c20181231$lBLL01$h1540
=CAT  \\$aW1910-0530$c20191007$lBLL01$h1114
=CAT  \\$aR1911-1518$c20191206$lBLL01$h1419
=CAT  \\$aIPL-CLA$c20191231$lBLL01$h1922
=CAT  \\$a5410$b40$c20220127$lBLL01$h0848
=CAT  \\$aBATCH-UPD$b40$c20220308$lBLL01$h1734
=CAT  \\$aIPL-CLA$c20220331$lBLL01$h1951
=CAT  \\$a12654$b40$c20230307$lBLL01$h1400
=CAT  \\$aS2302-1302$c20230322$lBLL01$h1708
=CAT  \\$aS2302-1302$c20230323$lBLL01$h1444
=CAT  \\$aIPL-CLA$c20230331$lBLL01$h1546
=CAT  \\$aS2304-0519$c20230412$lBLL01$h1139
=CAT  \\$aBATCH-SUPP$c20230426$lBLL01$h1108
=CFI  0\$aCurrent Copyright Fee: GBP32.00$c29\0$e01-apr-2023$fGBP32.00$g0$hP$5Uk
=CFI  2\$aPrevious copyright fee: GBP22.00$c29\0$e01-apr-2022$fGBP22.00$g0$hP$5Uk
=EST  \\$a1
=FFP  \\$aY$bBLDSS-3PM
=FIN  \\$aY$d20140121
=FMT  \\$a  SE
=LAS  \\$aBATCH-SUPP$b00$c20230426$lBLL01$h1108
=LEO  \\$aMP10.0000632554
=LET  \0$aWorld Bank research observer (Electronic)
=LKR  \\$aPAR$b011782924$lBLL01$r776$mThe World Bank research observer$nThe World Bank research observer
=MNI  \\$a0257-3032
=SID  \\$aZ39$bOCLC
=SRC  \\$aDSS01$bbibmp10.200404.2.aa
=TCO  \\$aCLA$bCLA$c008
=TCO  \\$aTRS$bCCC$c008
=TOC  \\$aETOC
=UNO  \\$aY

