=LDR  05305cas a2201201 a 4500
=001  012435300
=003  Uk
=005  20230426110822.0
=006  m\\\\\o\\d\\\\\\\\
=007  cr\cnu||||||||
=008  040410c19699999enkmr\pso\\\\\0\\\a0eng\\
=015  \\$aGBB350762$2bnb
=019  c\$a102181609
=022  \\$a1096-3642$l0024-4082$y0024-4082$202
=037  \\$azoolinnean$bOxford University Press
=037  2\$aISSN_00244082_2$bPortico$nWiley
=037  3\$aISSN_00244082_4$bPortico$nOxford University Press
=040  \\$aUk$cUk$dUk
=042  \\$aukblsr$aissnuk
=082  04$a590$221
=130  0\$aZoological journal of the Linnean Society (Online)
=210  0\$aZool. j. Linn. Soc.$b(Online)
=222  \0$aZoological journal of the Linnean Society$b(Online)
=245  10$aZoological journal of the Linnean Society$h[electronic resource].
=260  \\$aLondon :$bPublished for the Linnean Society of London by Academic Press
=264  21$3-2016$aOxford :$bWiley Blackwell
=264  31$32017-$aOxford :$bOxford University Press
=310  \\$aMonthly
=336  \\$atext$2rdacontent
=337  \\$acomputer$2rdamedia
=338  \\$aonline resource$2rdacarrier
=362  1\$aPrint began in 1969.
=500  \\$aPublished: Oxford : Blackwell Pub. for the Linnean Society, Jan. 2002-<Apr. 2003> by: Wiley <2008->
=530  \\$aAlso issued in print.
=538  \\$aMode of access: World Wide Web.
=540  \\$aCurrent Copyright Fee: GBP33.00$c29\0$5Uk
=588  \\$aLatest issue consulted: volume 179, number 1 (January 2017) (Oxford Academic, viewed July 18, 2017).
=595  \\$aFORMERLY 4816 UP TO VOL. 47//NO. 313, 1968 SEE ALSO SERIAL RECORDS ENT HORN AND CARD INDEX.
=650  \0$aZoology$vPeriodicals.
=710  2\$aLinnean Society of London.
=776  1\$aLinnean Society of London.$tZoological journal of the Linnean Society$x0024-4082
=780  00$tJournal of the Linnean Society. Zoology$x2378-5314
=852  41$aBritish Library$bSTI$jELD Digital store$3Volume 167:Number 1(2013:Jan.)-***Previous issues available in print copy
=852  41$aBritish Library$bDSC$j9519.700000$3Volume 113:Part 1(1995)-Volume 163:Issue 4(2011)***See ESTAR for full holdings.
=856  \\$31850-9999$uhttp://onlinelibrary.wiley.com/$xBLDSS
=856  40$uhttp://onlinelibrary.wiley.com/journal/10.1111/(ISSN)1096-3642
=859  \\$aELD$bejournal
=859  \\$aXLD$bejournal$cSFX
=945  \\$aZOOLOGICAL JOURNAL- LINNEAN SOCIETY.
=959  \\$fCurrently available
=963  \\$aVOL. 48, 1969- *A=1$bY$cP384.B.61
=964  \\$aVOL. 48, 1969- *A=1$c57/59$dQ$eTL5797
=979  \\$aBritish Library$bDSC$j9519.700000
=985  \\$aISSN responsibility transferred from U.S. Center to UK Centre, 12/12/17
=A02  \\$a102181609
=ACF  \\$aCurrent copyright fee: GBP13.00$c10\0$e01-apr-2003$fGBP13.00$g0$hP$5Uk
=ACF  \\$aCurrent copyright fee: GBP13.00$c10\4$e01-apr-2002$fGBP13.00$g0$hP$5Uk
=ACF  \\$aPrevious copyright fee: GBP15.00$c10\0$e01-apr-2004$fGBP15.00$g0$hP$5Uk
=ACF  \\$aPrevious copyright fee: GBP22.00$c10\0$e01-jan-2006$fGBP22.00$g0$hP$5Uk
=ACF  \\$aPrevious copyright fee: GBP24.00$c10\0$e01-mar-2015$fGBP24.00$g0$hP$5Uk
=ACF  \\$aPrevious copyright fee: GBP26.00$c29\0$e01-jan-2017$fGBP26.00$g0$hP$5Uk
=ACF  \\$aPrevious copyright fee: GBP27.00$c29\0$e01-jan-2018$fGBP27.00$g0$hP$5Uk
=ACF  \\$aPrevious copyright fee: GBP28.00$c29\0$e01-jan-2019$fGBP28.00$g0$hP$5Uk
=ACF  \\$aPrevious Copyright Fee: GBP20.00$c29\0$e01-jan-2020$fGBP20.00$g0$hP$5Uk
=CAT  \\$aCONV$b00$c20040425$lBLL90$h0713
=CAT  \\$aIPL-CLA$c20161230$lBLL01$h2114
=CAT  \\$aBATCH-UPD$b00$c20170104$lBLL01$h0049
=CAT  \\$a10806$b40$c20170718$lBLL01$h1454
=CAT  \\$a10806$b40$c20170718$lBLL01$h1502
=CAT  \\$aBATCH-UPD$b40$c20171121$lBLL01$h1703
=CAT  \\$aW1711-1005$c20171206$lBLL01$h1816
=CAT  \\$a10806$b40$c20171212$lBLL01$h1106
=CAT  \\$a11313$b40$c20171219$lBLL01$h0826
=CAT  \\$aIPL-CLA$c20171231$lBLL01$h1624
=CAT  \\$aBATCH-UPD$b00$c20181217$lBLL01$h1651
=CAT  \\$aIPL-CLA$c20181231$lBLL01$h1540
=CAT  \\$a15005$b40$c20191014$lBLL01$h1043
=CAT  \\$a15005$b40$c20191014$lBLL01$h1044
=CAT  \\$aR1911-1518$c20191206$lBLL01$h1419
=CAT  \\$aIPL-CLA$c20191231$lBLL01$h1922
=CAT  \\$a5410$b40$c20200121$lBLL01$h0901
=CAT  \\$aBATCH-UPD$b40$c20220308$lBLL01$h1734
=CAT  \\$aIPL-CLA$c20220331$lBLL01$h1951
=CAT  \\$a5410$b40$c20221015$lBLL01$h1118
=CAT  \\$a12654$b40$c20230307$lBLL01$h1522
=CAT  \\$aS2302-1302$c20230322$lBLL01$h1708
=CAT  \\$aS2302-1302$c20230323$lBLL01$h1444
=CAT  \\$aIPL-CLA$c20230331$lBLL01$h1546
=CAT  \\$aS2304-0519$c20230412$lBLL01$h1139
=CAT  \\$aBATCH-SUPP$c20230426$lBLL01$h1108
=CFI  0\$aCurrent Copyright Fee: GBP33.00$c29\0$e01-apr-2023$fGBP33.00$g0$hP$5Uk
=CFI  2\$aPrevious copyright fee: GBP22.00$c29\0$e01-apr-2022$fGBP22.00$g0$hP$5Uk
=EST  \\$a1
=FFP  \\$aY$bBLDSS-3PM
=FIN  \\$aY
=FMT  \\$a  SE
=LAS  \\$aBATCH-SUPP$b00$c20230426$lBLL01$h1108
=LEO  \\$aMP10.0000632570
=MNI  \\$a0024-4082
=SRC  \\$aDSS01$bbibmp10.200404.2.aa
=TCO  \\$aCLA$bCLA$c008
=TOC  \\$aETOC
=UNO  \\$aY

