=LDR  04696cas a2201069 a 4500
=001  012908128
=003  Uk
=005  20230426110826.0
=006  m\\\\\\\\d\|\\\\\\
=007  cr||||||||||||
=008  040430c20039999enkqr\p\s\\\\\0\\\a0eng\\
=015  \\$aGBA995874$2bnb
=022  0\$a1479-8417$z1573-7004$202
=037  \\$ajfinec$bOxford University Press
=037  3\$aISSN_14798409$bPortico$nOxford University Press
=040  \\$aUk$beng$cUk$dUk
=042  \\$aissnuk$aukblsr
=082  04$a338.544205$222
=130  0\$aJournal of financial econometrics (Online)
=210  0\$aJ. financ. econom.$b(Online)
=222  \0$aJournal of financial econometrics$b(Online)
=245  10$aJournal of financial econometrics$h[electronic resource].
=260  \\$aOxford :$bOxford University Press,$c2003-
=310  \\$aQuarterly
=336  \\$atext$2rdacontent
=337  \\$acomputer$2rdamedia
=338  \\$aonline resource$2rdacarrier
=362  0\$aVol. 1, no. 1 (spring 2003)-
=500  \\$aTitle from contents screen (Oxford journals, viewed on Sept. 30, 2009).
=540  \\$aCurrent Copyright Fee: GBP42.00$c29\0$5Uk
=588  \\$aLatest issue consulted: volume 12, number 1 (winter 2014) (viewed January 29, 2014).
=650  \0$aCapital market$xLaw and legislation$vPeriodicals.
=650  \0$aFinancial institutions$xLaw and legislation$vPeriodicals.
=690  7\$aManagement and Business Studies$2blcoll
=776  1\$tJournal of financial econometrics$x1479-8409
=852  41$aBritish Library$bHMNTS$jELD Digital store$3Volume 11:Number 1(2013:Winter)-
=852  41$aBritish Library$bDSC$j4984.238000$3Volume 5:Issue 1(2007)-Volume 9:Issue 4(2011)***See ESTAR for full holdings.
=856  \\$31850-9999$uhttp://ukcatalogue.oup.com/$xBLDSS
=856  40$uhttp://jfec.oxfordjournals.org/
=859  \\$aELD$bejournal
=859  \\$aXLD$bejournal$cSFX
=945  \\$aJournal of financial econometrics
=959  \\$fCurrently available
=979  \\$aBritish Library$bDSC$j4984.238000
=ACF  \\$aPrevious copyright fee: GBP20.00$c29\0$e24-apr-2009$fGBP20.00$g0$hP$5Uk
=ACF  \\$aPrevious copyright fee: GBP14.00$c29\0$e01-jan-2010$fGBP14.00$g0$hP$5Uk
=ACF  \\$aPrevious copyright fee: GBP20.00$c29\0$e01-jan-2013$fGBP20.00$g0$hP$5Uk
=ACF  \\$aPrevious copyright fee: GBP23.00$c29\0$e01-jan-2015$fGBP23.00$g0$hP$5Uk
=ACF  \\$aPrevious copyright fee: GBP24.00$c29\0$e01-jan-2016$fGBP24.00$g0$hP$5Uk
=ACF  \\$aPrevious copyright fee: GBP26.00$c29\0$e01-jan-2017$fGBP26.00$g0$hP$5Uk
=ACF  \\$aPrevious copyright fee: GBP27.00$c29\0$e01-jan-2018$fGBP27.00$g0$hP$5Uk
=ACF  \\$aPrevious copyright fee: GBP28.00$c29\0$e01-jan-2019$fGBP28.00$g0$hP$5Uk
=ACF  \\$aPrevious Copyright Fee: GBP29.00$c29\0$e01-jan-2020$fGBP29.00$g0$hP$5Uk
=CAT  \\$a9604$b40$c20040430$lTMP01$h0921
=CAT  \\$aBATCH-UPD$b00$c20141124$lBLL01$h1810
=CAT  \\$aBLDSS-3PM$b00$c20141208$lBLL01$h1624
=CAT  \\$aIPL-CLA$c20141231$lBLL01$h1651
=CAT  \\$aBATCH-UPD$b00$c20151119$lBLL01$h1551
=CAT  \\$aIPL-CLA$c20151231$lBLL01$h1919
=CAT  \\$aBATCH-UPD$b00$c20160524$lBLL01$h2209
=CAT  \\$aBATCH-UPD$b00$c20160525$lBLL01$h0016
=CAT  \\$aBATCH-UPD$b00$c20161122$lBLL01$h1520
=CAT  \\$aIPL-CLA$c20161230$lBLL01$h2123
=CAT  \\$aBATCH-UPD$b00$c20171121$lBLL01$h1703
=CAT  \\$aW1711-1005$c20171206$lBLL01$h1816
=CAT  \\$aIPL-CLA$c20171231$lBLL01$h1630
=CAT  \\$aBATCH-UPD$b00$c20181217$lBLL01$h1651
=CAT  \\$aIPL-CLA$c20181231$lBLL01$h1540
=CAT  \\$aW1910-0530$c20191007$lBLL01$h1114
=CAT  \\$aR1911-1518$c20191206$lBLL01$h1405
=CAT  \\$aIPL-CLA$c20191231$lBLL01$h1926
=CAT  \\$aBATCH-UPD$b00$c20220308$lBLL01$h1727
=CAT  \\$aIPL-CLA$c20220331$lBLL01$h1952
=CAT  \\$a12654$b40$c20230222$lBLL01$h1136
=CAT  \\$aS2302-1302$c20230322$lBLL01$h1708
=CAT  \\$aS2302-1302$c20230323$lBLL01$h1443
=CAT  \\$aIPL-CLA$c20230331$lBLL01$h1546
=CAT  \\$aS2304-0519$c20230412$lBLL01$h1139
=CAT  \\$aBATCH-SUPP$c20230426$lBLL01$h1108
=CFI  0\$aCurrent Copyright Fee: GBP42.00$c29\0$e01-apr-2023$fGBP42.00$g0$hP$5Uk
=CFI  2\$aPrevious copyright fee: GBP32.00$c29\0$e01-apr-2022$fGBP32.00$g0$hP$5Uk
=EST  \\$a1
=FFP  \\$aY$bBLDSS-3PM
=FIN  \\$aY$d20041215
=FMT  \\$a  SE
=LAS  \\$aBATCH-SUPP$b00$c20230426$lBLL01$h1108
=LET  \0$aJournal of financial econometrics (Online)
=LKR  \\$aPAR$b010489588$lBLL01$r776$mJournal of financial econometrics (Online)$nJournal of financial econometrics (Print)
=MNI  \\$a1479-8409
=TCO  \\$aCLA$bCLA$c008
=TOC  \\$aETOC
=UNO  \\$aY

