=LDR  05179cas a2201225 a 4500
=001  012924428
=003  Uk
=005  20230426110827.0
=006  m\\\\\\\\d\\\\\\\\
=007  cr\cn|||||||||
=008  020820c19949999enkqr\p\o\\\\\0\\\a0eng\d
=010  \\$a2003242179
=015  \\$aGBA9B7109$2bnb
=022  0\$a1468-2893$202
=035  \\$a(OCoLC)50438425
=037  \\$asocpol$bOxford University Press
=037  3\$aISSN_10724745$bPortico$nOxford University Press
=040  \\$aOUN$beng$cOUN$dOCLCQ$dMYG$dOCLCQ$dWAU$dOCL$dOCLCQ$dOCL$dOCLCQ$dUQ1$dUk
=042  \\$aissnuk$aukblsr
=050  14$aHQ1236
=082  04$a305.3$222
=130  0\$aSocial politics (Online)
=210  00$aSoc. pol.$b(Online)
=222  \0$aSocial politics$b(Online)
=245  10$aSocial politics$h[electronic resource] :$binternational studies in gender, state & society.
=246  13$aSocial politics online
=260  \\$aOxford :$bOxford University Press
=310  \\$aQuarterly,$b2006-
=321  \\$aThree no. a year
=336  \\$atext$2rdacontent
=337  \\$acomputer$2rdamedia
=338  \\$aonline resource$2rdacarrier
=362  0\$aVol. 1, no. 1 (spring 1994)-
=500  \\$aTitle from pdf file (Oxford University Press, viewed on Dec. 2, 2009).
=515  \\$aSome issues have also a distinctive title.
=530  \\$aAlso issued in print.
=538  \\$aMode of access: World Wide Web.
=540  \\$aCurrent Copyright Fee: GBP42.00$c29\0$5Uk
=588  \\$aLatest issue consulted: volume 20, issue 4 (winter 2013) (Oxford Journals, viewed February 3, 2014).
=650  \0$aWomen$xGovernment policy$vPeriodicals.
=650  \0$aSocial policy$vPeriodicals.
=650  \0$aSex role$vPeriodicals.
=690  7\$aSocial Welfare$2blcoll
=776  1\$tSocial politics$x1072-4745
=852  41$aBritish Library$bHMNTS$jELD Digital store$3Volume 21:Number 1(2014:Spring)-***Previous issues available in print copy
=852  41$aBritish Library$bDSC$j8318.133800$3Volume 9:Issue 1(2002)-Volume 18:Issue 4(2011)***See ESTAR for full holdings.
=856  \\$31850-9999$uhttp://ukcatalogue.oup.com/$xBLDSS
=856  4\$uhttp://sp.oxfordjournals.org/
=856  40$uhttp://muse.jhu.edu/journals/social%5Fpolitics/
=856  40$uhttp://sp.oupjournals.org/
=859  \\$aELD$bejournal
=859  \\$aXLD$bejournal$cSFX
=945  \\$aSocial politics
=959  \\$fCurrently available
=979  \\$aBritish Library$bDSC$j8318.133800
=ACF  \\$aBritish Library not licensed to copy$c0$e01-jan-2005$hC$iCLA Excluded$5Uk
=ACF  \\$aPrevious copyright fee: GBP16.00$c29\0$e22-jul-2009$fGBP16.00$g0$hP$5Uk
=ACF  \\$aPrevious copyright fee: GBP14.00$c29\0$e01-jan-2010$fGBP14.00$g0$hP$5Uk
=ACF  \\$aPrevious copyright fee: GBP20.00$c29\0$e01-jan-2013$fGBP20.00$g0$hP$5Uk
=ACF  \\$aPrevious copyright fee: GBP23.00$c29\0$e01-jan-2015$fGBP23.00$g0$hP$5Uk
=ACF  \\$aPrevious copyright fee: GBP24.00$c29\0$e01-jan-2016$fGBP24.00$g0$hP$5Uk
=ACF  \\$aPrevious copyright fee: GBP26.00$c29\0$e01-jan-2017$fGBP26.00$g0$hP$5Uk
=ACF  \\$aPrevious copyright fee: GBP27.00$c29\0$e01-jan-2018$fGBP27.00$g0$hP$5Uk
=ACF  \\$aPrevious copyright fee: GBP28.00$c29\0$e01-jan-2019$fGBP28.00$g0$hP$5Uk
=ACF  \\$aPrevious Copyright Fee: GBP29.00$c29\0$e01-jan-2020$fGBP29.00$g0$hP$5Uk
=CAT  \\$a6537$b40$c20040525$lTMP01$h1538
=CAT  \\$aIPL-CLA$c20141231$lBLL01$h1651
=CAT  \\$aBATCH-UPD$b00$c20151119$lBLL01$h1551
=CAT  \\$aIPL-CLA$c20151231$lBLL01$h1920
=CAT  \\$aBATCH-UPD$b00$c20160524$lBLL01$h2209
=CAT  \\$aBATCH-UPD$b00$c20160525$lBLL01$h0016
=CAT  \\$aBATCH-UPD$b00$c20161122$lBLL01$h1520
=CAT  \\$aIPL-CLA$c20161230$lBLL01$h2124
=CAT  \\$aBATCH-UPD$b00$c20171121$lBLL01$h1703
=CAT  \\$aW1711-1005$c20171206$lBLL01$h1816
=CAT  \\$aIPL-CLA$c20171231$lBLL01$h1631
=CAT  \\$aBATCH-UPD$b00$c20181217$lBLL01$h1651
=CAT  \\$aIPL-CLA$c20181231$lBLL01$h1540
=CAT  \\$a5410$b40$c20190923$lBLL01$h1303
=CAT  \\$aW1910-0530$c20191007$lBLL01$h1114
=CAT  \\$aR1911-1518$c20191206$lBLL01$h1405
=CAT  \\$aIPL-CLA$c20191231$lBLL01$h1927
=CAT  \\$aBATCH-UPD$b00$c20220308$lBLL01$h1727
=CAT  \\$aIPL-CLA$c20220331$lBLL01$h1952
=CAT  \\$a5410$b40$c20221015$lBLL01$h1126
=CAT  \\$a12654$b40$c20230307$lBLL01$h0918
=CAT  \\$aS2302-1302$c20230322$lBLL01$h1708
=CAT  \\$aS2302-1302$c20230323$lBLL01$h1444
=CAT  \\$aIPL-CLA$c20230331$lBLL01$h1546
=CAT  \\$aS2304-0519$c20230412$lBLL01$h1139
=CAT  \\$aBATCH-SUPP$c20230426$lBLL01$h1108
=CFI  0\$aCurrent Copyright Fee: GBP42.00$c29\0$e01-apr-2023$fGBP42.00$g0$hP$5Uk
=CFI  2\$aPrevious copyright fee: GBP32.00$c29\0$e01-apr-2022$fGBP32.00$g0$hP$5Uk
=EST  \\$a1
=FFP  \\$aY$bBLDSS-3PM
=FIN  \\$aY$d20070505
=FMT  \\$a  SE
=LAS  \\$aBATCH-SUPP$b00$c20230426$lBLL01$h1108
=LET  \0$aSocial politics (Electronic)
=LKR  \\$aPAR$b009878616$lBLL01$r776$mSocial politics (Online)$nSocial politics
=MNI  \\$a1072-4745
=SID  \\$aZ39$bOCLC
=TCO  \\$aCLA$bCLA$c008
=TOC  \\$aETOC
=UNO  \\$aY

