=LDR  04671cas a2201117 a 4500
=001  012949341
=003  Uk
=005  20230426110828.0
=006  m\\\\\\\\d\\\\\\\\
=007  cr\cnu||||||||
=008  050531c20059999enkqr\pss\\\\\0\\\a0eng\d
=010  \\$a2007252312
=015  \\$aGBA968372$2bnb
=022  0\$a1744-6422$202
=035  \\$a(OCoLC)60524435
=037  \\$ajcle$bOxford University Press
=037  3\$aISSN_17446414$bPortico$nOxford University Press
=040  \\$aRBN$beng$cRBN$dOCL$dDLC$dWAU$dMUQ$dDOS$dUk
=042  \\$aissnuk$aukblsr
=050  14$aK10
=082  04$a343.072$222
=130  0\$aJournal of competition law & economics (Online)
=222  \0$aJournal of competition law & economics$b(Online)
=245  10$aJournal of competition law & economics$h[electronic resource].
=246  3\$aJournal of competition law and economics
=246  30$aCompetition law and economics
=246  13$aJCLE
=260  \\$aOxford :$bOxford University Press,$c2005-
=310  \\$aQuarterly
=336  \\$atext$2rdacontent
=337  \\$acomputer$2rdamedia
=338  \\$aonline resource$2rdacarrier
=362  0\$aVol. 1, no. 1 (Mar. 2005)-
=500  \\$aTitle from HTML contents (OUP, viewed May 31, 2005).
=540  \\$aCurrent Copyright Fee: GBP42.00$c29\0$5Uk
=588  \\$aLatest issue consulted: volume 9, number 4 (December 2013) (Oxford journals, viewed January 30, 2014).
=650  \0$aAntitrust law$vPeriodicals.
=650  \0$aCompetition, Unfair$vPeriodicals.
=650  \0$aForeign trade regulation$vPeriodicals.
=650  \0$aInternational economic relations$vPeriodicals.
=650  \0$aCompetition, International$vPeriodicals.
=776  08$iAlso issued in print as:$tJournal of competition law & economics$x1744-6414
=852  41$aBritish Library$bHMNTS$jELD Digital store$3Volume 10:Number 1(2014:Mar.)-***Previous issues available in print copy
=852  41$aBritish Library$bDSC$j4963.387000$3Volume 4:Issue 2(2008)-Volume 7:Issue 4(2011)***See ESTAR for full holdings.
=856  \\$31850-9999$uhttp://ukcatalogue.oup.com/$xBLDSS
=856  40$uhttp://jcle.oxfordjournals.org/
=859  \\$aXLD$bejournal$cSFX
=859  \\$aELD$bejournal
=945  \\$aJournal of competition law and economics
=959  \\$fCurrently available
=979  \\$aBritish Library$bDSC$j4963.387000
=ACF  \\$aPrevious Copyright Fee: GBP16.00$c29\0$e03-nov-2006$fGBP16.00$g0$hP$5Uk
=ACF  \\$aPrevious copyright fee: GBP18.00$c29\0$e01-jan-2008$fGBP18.00$g0$hP$5Uk
=ACF  \\$aPrevious copyright fee: GBP20.00$c29\0$e01-jan-2013$fGBP20.00$g0$hP$5Uk
=ACF  \\$aPrevious copyright fee: GBP35.00$c29\0$e01-jan-2015$fGBP35.00$g0$hP$5Uk
=ACF  \\$aPrevious Copyright Fee: GBP30.00$c29\0$e01-jan-2014$fGBP30.00$g0$hP$5Uk
=ACF  \\$aPrevious copyright fee: GBP28.00$c29\0$e11-jan-2019$fGBP28.00$g0$hP$5Uk
=ACF  \\$aPrevious Copyright Fee: GBP29.00$c29\0$e01-jan-2020$fGBP29.00$g0$hP$5Uk
=CAT  \\$a8870$b40$c20040712$lBLL01$h1518
=CAT  \\$a5552$b40$c20131029$lBLL01$h1036
=CAT  \\$a10902$b40$c20131129$lBLL01$h1150
=CAT  \\$aIPL-CLA$c20131231$lBLL01$h2339
=CAT  \\$a11205$b40$c20140130$lBLL01$h1142
=CAT  \\$a11205$b40$c20140130$lBLL01$h1143
=CAT  \\$a11205$b40$c20140130$lBLL01$h1145
=CAT  \\$aWR14_140$c20140905$lBLL01$h1806
=CAT  \\$a5552$b40$c20141029$lBLL01$h1126
=CAT  \\$aBLDSS-3PM$b00$c20141208$lBLL01$h1625
=CAT  \\$aIPL-CLA$c20141231$lBLL01$h1651
=CAT  \\$aBATCH-UPD$b00$c20160524$lBLL01$h2209
=CAT  \\$aBATCH-UPD$b00$c20160525$lBLL01$h0016
=CAT  \\$aW1711-1005$c20171206$lBLL01$h1816
=CAT  \\$a5552$b40$c20190111$lBLL01$h1219
=CAT  \\$aW1910-0530$c20191007$lBLL01$h1114
=CAT  \\$aR1911-1518$c20191206$lBLL01$h1405
=CAT  \\$aIPL-CLA$c20191231$lBLL01$h1928
=CAT  \\$aBATCH-UPD$b00$c20220308$lBLL01$h1727
=CAT  \\$aIPL-CLA$c20220331$lBLL01$h1952
=CAT  \\$a12654$b40$c20230222$lBLL01$h0921
=CAT  \\$aS2302-1302$c20230322$lBLL01$h1708
=CAT  \\$aS2302-1302$c20230323$lBLL01$h1443
=CAT  \\$aIPL-CLA$c20230331$lBLL01$h1546
=CAT  \\$aS2304-0519$c20230412$lBLL01$h1139
=CAT  \\$aBATCH-SUPP$c20230426$lBLL01$h1108
=CFI  0\$aCurrent Copyright Fee: GBP42.00$c29\0$e01-apr-2023$fGBP42.00$g0$hP$5Uk
=CFI  2\$aPrevious copyright fee: GBP32.00$c29\0$e01-apr-2022$fGBP32.00$g0$hP$5Uk
=EST  \\$a1
=FFP  \\$aY$bBLDSS-3PM
=FIN  \\$aY$d20060112
=FMT  \\$a  SE
=LAS  \\$aBATCH-SUPP$b00$c20230426$lBLL01$h1108
=MNI  \\$a1744-6414
=SID  \\$aZ39$bOCLC
=TCO  \\$aCLA$bCLA$c008
=TOC  \\$aETOC
=UNO  \\$aY

