=LDR  05504cas a2201237 a 4500
=001  013003849
=003  Uk
=005  20230426110831.0
=006  m\\\\\\\\d\\\\\\\\
=007  cr\cnu||||||||
=008  980210c19979999enkbr\pso\\\\\0\\\a0eng\c
=010  \\$a2004252538
=015  \\$aGBB414987$2bnb
=022  0\$a1368-9894$202
=035  \\$a(OCoLC)38403262$z(OCoLC)48496551$z(OCoLC)49367447
=037  \\$aigpl$bOxford University Press
=037  3\$aISSN_13670751$bPortico$nOxford University Press
=040  \\$aEYM$cEYM$dOCL$dOCLCQ$dWAU$dDLC$dSERSO$dOCLCQ$dUk
=042  \\$aukblsr$aissnuk
=050  14$aQA9.A1
=082  04$a511.3$222
=130  0\$aLogic journal of the IGPL (Online)
=210  0\$aLog. j. IGPL$b(Online)
=222  \0$aLogic journal of the IGPL$b(Online)
=245  10$aLogic journal of the IGPL$h[electronic resource] /$cInterest Group in Pure and Applied Logics.
=246  3\$aLogic journal of the Interest Group in Pure and Applied Logics
=260  \\$aOxford :$bOxford University Press,$c1997-
=310  \\$aBimonthly
=336  \\$atext$2rdacontent
=337  \\$acomputer$2rdamedia
=338  \\$aonline resource$2rdacarrier
=362  0\$aVol. 5, no. 1 (Jan. 1997)-
=500  \\$aTitle from journal homepage (viewed July 8, 2004).
=538  \\$aMode of access: World Wide Web.
=540  \\$aCurrent Copyright Fee: GBP13.00$c29\0$5Uk
=580  \\$aIncludes issues of earlier titles: Bulletin of the IGPL (1993-1995), and : Journal of the IGPL (1995-1996).
=588  \\$aLatest issue consulted: volume 22, issue 1 (February 2014) (Oxford Journals website, viewed January 20, 2014).
=650  \0$aLogic, Symbolic and mathematical$vPeriodicals.
=710  2\$aInterest Group in Pure and Applied Logics.
=776  0\$tLogic journal of the IGPL$x1367-0751
=780  10$tJournal of the IGPL (Online)
=852  41$aBritish Library$bHMNTS$jELD Digital store$3Volume 22:Number 1(2014:Feb.)-***Previous issues available in print copy
=852  \\$aBritish Library$bDSC$j5292.308290$3Volume 12:Issue 2(2004:Mar.)-Volume 19:Issue 6(2011)***See ESTAR for full holdings.
=856  \\$31850-9999$uhttp://ukcatalogue.oup.com/$xBLDSS
=856  40$uhttp://jigpal.oxfordjournals.org/
=856  40$uhttp://www3.oup.co.uk/igpl/contents
=859  \\$aXLD$bejournal$cSFX
=859  \\$aELD$bejournal
=945  \\$aLogic journal- IGPL
=959  \\$fCurrently available
=979  \\$aBritish Library$bDSC$j5292.308290
=985  \\$aCONFERENCE ANALYTIC RECORDS EXIST
=985  \\$aCorrected by BSS-generated file for WR# 08/157
=ACF  \\$aPrevious copyright fee: GBP15.00$c29\0$e27-feb-2005$fGBP15.00$g0$hP$5Uk
=ACF  \\$aCurrent copyright fee: GBP15.00$c0$e30-sep-2004$fGBP15.00$g0$hC$5Uk
=ACF  \\$aPrevious copyright fee: GBP16.00$c29\0$e01-jan-2006$fGBP16.00$g0$hP$5Uk
=ACF  \\$aPrevious copyright fee: GBP18.00$c29\0$e01-jan-2008$fGBP18.00$g0$hP$5Uk
=ACF  \\$aPrevious copyright fee: GBP20.00$c29\0$e01-jan-2013$fGBP20.00$g0$hP$5Uk
=ACF  \\$aPrevious copyright fee: GBP23.00$c29\0$e01-jan-2015$fGBP23.00$g0$hP$5Uk
=ACF  \\$aPrevious copyright fee: GBP24.00$c29\0$e01-jan-2016$fGBP24.00$g0$hP$5Uk
=ACF  \\$aPrevious copyright fee: GBP26.00$c29\0$e01-jan-2017$fGBP26.00$g0$hP$5Uk
=ACF  \\$aPrevious copyright fee: GBP27.00$c29\0$e01-jan-2018$fGBP27.00$g0$hP$5Uk
=ACF  \\$aPrevious copyright fee: GBP28.00$c29\0$e01-jan-2019$fGBP28.00$g0$hP$5Uk
=ACF  \\$aPrevious Copyright Fee: GBP10.00$c29\0$e01-jan-2020$fGBP10.00$g0$hP$5Uk
=CAT  \\$a7174$b40$c20040930$lBLL01$h1125
=CAT  \\$aBLDSS-3PM$b00$c20141208$lBLL01$h1625
=CAT  \\$aIPL-CLA$c20141231$lBLL01$h1651
=CAT  \\$aBATCH-UPD$b00$c20151119$lBLL01$h1551
=CAT  \\$aIPL-CLA$c20151231$lBLL01$h1920
=CAT  \\$aBATCH-UPD$b00$c20160524$lBLL01$h2209
=CAT  \\$aBATCH-UPD$b00$c20160525$lBLL01$h0016
=CAT  \\$aBATCH-UPD$b00$c20161122$lBLL01$h1520
=CAT  \\$aIPL-CLA$c20161230$lBLL01$h2130
=CAT  \\$aBATCH-UPD$b00$c20171121$lBLL01$h1703
=CAT  \\$aW1711-1005$c20171206$lBLL01$h1817
=CAT  \\$aIPL-CLA$c20171231$lBLL01$h1635
=CAT  \\$aBATCH-UPD$b00$c20181217$lBLL01$h1651
=CAT  \\$aIPL-CLA$c20181231$lBLL01$h1541
=CAT  \\$aW1910-0530$c20191007$lBLL01$h1114
=CAT  \\$aR1911-1518$c20191206$lBLL01$h1433
=CAT  \\$aIPL-CLA$c20191231$lBLL01$h1929
=CAT  \\$aBATCH-UPD$b00$c20220308$lBLL01$h1738
=CAT  \\$aIPL-CLA$c20220331$lBLL01$h1952
=CAT  \\$a12654$b40$c20230223$lBLL01$h1536
=CAT  \\$a12654$b40$c20230223$lBLL01$h1537
=CAT  \\$aS2302-1302$c20230322$lBLL01$h1708
=CAT  \\$aS2302-1302$c20230323$lBLL01$h1443
=CAT  \\$aIPL-CLA$c20230331$lBLL01$h1546
=CAT  \\$aS2304-0519$c20230412$lBLL01$h1139
=CAT  \\$aBATCH-SUPP$c20230426$lBLL01$h1108
=CFI  0\$aCurrent Copyright Fee: GBP13.00$c29\0$e01-apr-2023$fGBP13.00$g0$hP$5Uk
=CFI  2\$aPrevious copyright fee: GBP11.00$c29\0$e01-apr-2022$fGBP11.00$g0$hP$5Uk
=EST  \\$a1
=FFP  \\$aY$bBLDSS-3PM
=FIN  \\$aY$d20110323
=FMT  \\$a  SE
=LAS  \\$aBATCH-SUPP$b00$c20230426$lBLL01$h1108
=LEO  \\$aMP22.0000055176
=LET  \0$aLogic journal of the IGPL (Online)
=LKR  \\$aPAR$b011127627$lBLL01$r776$mLogic journal of the IGPL (Online)$nLogic journal of the IGPL (Print)
=MNI  \\$a1367-0751
=SID  \\$aZ39$bOCLC
=SRC  \\$aISN01$bbibmp22.200404.2.aa
=TCO  \\$aCLA$bCLA$c008
=TOC  \\$aETOC
=UNO  \\$aY

