=LDR  05283cas a2201177 a 4500
=001  013009578
=003  Uk
=005  20230426110831.0
=006  m\\\\\o\\d\\\\\\\\
=007  cr\cnu||||||||
=008  050412c20059999enkmn\pso\\\\\0\\\a0eng\c
=010  \\$a2005249065
=015  \\$aGBB2B9048$2bnb
=022  0\$a1745-3933$202
=035  \\$a(OCoLC)58967416
=037  \\$amnrasl$bOxford University Press
=037  3\$aISSN_17453925_4$bPortico$nOxford University Press
=040  \\$aABC$cABC$dZYU$dMYG$dCUV$dHLS$dOCLCQ$dUk
=042  \\$aissnuk$aukblsr
=050  14$aQB1$b.R722
=082  04$a520.5$223
=210  0\$aMon. not. R. Astron. Soc. Lett.
=222  \0$aMonthly notices of the Royal Astronomical Society. Letters
=245  00$aMonthly notices of the Royal Astronomical Society.$pLetters$h[electronic resource].
=246  13$aMonthly notices RAS letters
=246  13$iAlso known as:$aMNRAS letters
=246  13$aMonthly notices letters
=260  \\$aOxford, England :$bBlackwell Science,$c2005-
=260  3\$32012-$aOxford, England :$bOxford University Press
=310  \\$aNine times a year
=336  \\$atext$2rdacontent
=337  \\$acomputer$2rdamedia
=338  \\$aonline resource$2rdacarrier
=362  0\$aVol. 356, issue 1 (Jan. 2005)-
=515  \\$aNumbering parallels that of the parent journal: Monthly notices of the Royal Astronomical Society.
=540  \\$aCurrent copyright fee: GBP11.00$c29\0$5Uk
=550  \\$aPublished on behalf of: the Royal Astronomical Society.
=588  \\$aTitle from journal contents page.
=588  \\$aIssues for <July 2008> published: Wiley Interscience.
=588  \\$aLatest issue consulted: volume 438, issue 1 (Oxford Journals website, viewed January 23, 2014).
=610  20$aRoyal Astronomical Society$vPeriodicals.
=650  \0$aAstronomy$xResearch$vPeriodicals.
=710  2\$aRoyal Astronomical Society.
=772  0\$tMonthly notices of the Royal Astronomical Society (Online)$x1365-2966
=852  41$aBritish Library$bHMNTS$jELD Digital store$3Volume 437:Number 1(2014:Jan.)-***Previous issues available in print copy
=852  \\$aBritish Library$bDSC$j5944.000100$32006:Volume 365-Volume 427:Issue 4(2012)***See ESTAR for full holdings.
=856  \\$31850-9999$uhttp://ukcatalogue.oup.com/$xBLDSS
=856  40$uhttp://onlinelibrary.wiley.com/journal/10.1111/(ISSN)1745-3933
=856  40$uhttp://www.blackwell-synergy.com/loi/mnl
=856  40$uhttp://www3.interscience.wiley.com/journal/118500770/home
=859  \\$aELD$bejournal
=859  \\$aXLD$bejournal$cSFX
=945  \\$aMonthly notice- Royal Astronomical Society -Letters-
=959  \\$fCurrently available
=ACF  \\$aPrevious copyright fee: GBP22.00$c10\0$e01-jan-2011$fGBP22.00$g0$hP$5Uk
=ACF  \\$aPrevious copyright fee: GBP17.00$c10\0$e01-jan-2009$fGBP17.00$g0$hP$5Uk
=ACF  \\$aPrevious copyright fee: GBP14.00$c29\0$e30-sep-2013$fGBP14.00$g0$hP$5Uk
=ACF  \\$aPrevious copyright fee: GBP16.00$c29\0$e01-jan-2015$fGBP16.00$g0$hP$5Uk
=ACF  \\$aPrevious copyright fee: GBP17.00$c29\0$e01-jan-2016$fGBP17.00$g0$hP$5Uk
=ACF  \\$aPrevious copyright fee: GBP18.00$c29\0$e01-jan-2017$fGBP18.00$g0$hP$5Uk
=ACF  \\$aPrevious copyright fee: GBP19.00$c29\0$e01-jan-2018$fGBP19.00$g0$hP$5Uk
=ACF  \\$aPrevious copyright fee: GBP20.00$c29\0$e01-jan-2019$fGBP20.00$g0$hP$5Uk
=CAT  \\$a11316$b40$c20041008$lBLL01$h1313
=CAT  \\$a8124$b40$c20140130$lBLL01$h1447
=CAT  \\$aBATCH-UPD$b40$c20141124$lBLL01$h1814
=CAT  \\$aBLDSS-3PM$b00$c20141208$lBLL01$h1625
=CAT  \\$aIPL-CLA$c20141231$lBLL01$h1651
=CAT  \\$aBATCH-UPD$b00$c20151119$lBLL01$h1553
=CAT  \\$aBATCH-UPD$b00$c20151119$lBLL01$h1554
=CAT  \\$aBATCH-UPD$b00$c20151213$lBLL01$h1327
=CAT  \\$aIPL-CLA$c20151231$lBLL01$h1920
=CAT  \\$aBATCH-UPD$b00$c20160524$lBLL01$h2209
=CAT  \\$aBATCH-UPD$b00$c20160525$lBLL01$h0016
=CAT  \\$aBATCH-UPD$b00$c20161122$lBLL01$h1516
=CAT  \\$aIPL-CLA$c20161230$lBLL01$h2130
=CAT  \\$aBATCH-UPD$b00$c20171121$lBLL01$h1659
=CAT  \\$aW1711-1005$c20171206$lBLL01$h1817
=CAT  \\$aIPL-CLA$c20171231$lBLL01$h1635
=CAT  \\$aBATCH-UPD$b00$c20181217$lBLL01$h1654
=CAT  \\$aIPL-CLA$c20181231$lBLL01$h1541
=CAT  \\$aW1910-0530$c20191007$lBLL01$h1114
=CAT  \\$aR1911-1518$c20191206$lBLL01$h1433
=CAT  \\$aIPL-CLA$c20191231$lBLL01$h1929
=CAT  \\$aBATCH-UPD$b00$c20220308$lBLL01$h1738
=CAT  \\$aIPL-CLA$c20220331$lBLL01$h1952
=CAT  \\$a12654$b40$c20230228$lBLL01$h1112
=CAT  \\$aS2302-1302$c20230322$lBLL01$h1708
=CAT  \\$aBATCH-SUPP$c20230426$lBLL01$h1108
=CFI  0\$aCurrent copyright fee: GBP11.00$c29\0$e01-apr-2022$fGBP11.00$g0$hP$5Uk
=CFI  2\$aPrevious Copyright Fee: GBP10.00$c29\0$e01-jan-2020$fGBP10.00$g0$hP$5Uk
=EST  \\$a1
=FFP  \\$aY$bBLDSS-3PM
=FIN  \\$aY$d20060510
=FMT  \\$a  SE
=LAS  \\$aBATCH-SUPP$b00$c20230426$lBLL01$h1108
=LKR  \\$aPAR$b012434460$lBLL01$r772$mMonthly notices of the Royal Astronomical Society. Letters$nMonthly notices of the Royal Astronomical Society (Online)
=MNI  \\$a1745-3933
=SID  \\$aZ39$bOCLC
=TCO  \\$aCLA$bCLA$c008
=TOC  \\$aETOC
=UNO  \\$aY

