=LDR  06648cas a2201417 a 4500
=001  013089714
=003  Uk
=005  20230426110835.0
=006  m\\\\\\\\d\\\\\\\\
=007  cr||||||||||||
=008  000818c20009999enkbr\pss\\\\\0\\\a0eng\c
=010  \\$a2003255144
=022  0\$a1439-7609$l1439-7595$202
=035  \\$a(OCoLC)44813009$z(OCoLC)47205458
=037  \\$aISSN_14397595_98$bPortico$nInforma Healthcare
=037  3\$aISSN_14397595_4$bPortico$nOxford University Press
=037  2\$aISSN_14397595_21$bPortico$nTaylor & Francis
=040  \\$aOH1$cOH1$dOCLCQ$dZCU$dOCLCQ$dOCL$dOCLCQ$dUk
=042  \\$aukblsr$aissnuk
=050  14$aRC927$b.M64
=082  04$a616.723005$223
=130  0\$aModern rheumatology (Online)
=210  0\$aMod. rheumatol.$b(Online)
=222  \0$aModern rheumatology$b(Online)
=245  10$aModern rheumatology$h[electronic resource].
=260  \\$aTokyo :$bSpringer-Verlag Tokyo,$cc2000-
=264  21$aLondon :$bInforma Healthcare
=264  21$a[Abingdon?] :$bTaylor & Francis
=264  31$32022-$a[Oxford] :$bOxford University Press
=310  \\$aBimonthly
=321  \\$aFour no. a year
=336  \\$atext$2rdacontent
=337  \\$acomputer$2rdamedia
=338  \\$aonline resource$2rdacarrier
=362  0\$aVol. 10, no. 1 (Mar. 2000)-
=530  \\$aAlso issued in print.
=538  \\$aMode of access: World Wide Web.
=540  \\$aCurrent Copyright Fee: GBP64.00$c29\0$5Uk
=550  \\$aOrgan of the Japan Rheumatism Association.
=588  \\$aTitle from journal home page (viewed Nov. 25, 2003).
=588  \\$aLatest issue consulted: volume 32, issue 4 (July 2022) (Oxford Academic, viewed August 2, 2022).
=650  \0$aRheumatology$vPeriodicals.
=710  2\$aNihon Ryūmachi Gakkai.
=776  1\$tModern rheumatology$x1439-7595
=780  00$tJapanese journal of rheumatology$x2213-1019
=852  41$aBritish Library$bHMNTS$jELD Digital store$3Volume 24:Issue 1(2014)-
=852  41$aBritish Library$bDSC$j5895.300000$3Volume 14:Issue 4(2004)-Volume 23:Issue 6(2013)***See ESTAR for full holdings.
=856  \\$31850-9999$uhttp://informahealthcare.com$xBLDSS
=856  40$uhttp://firstsearch.oclc.org$zAddress for accessing the journal using authorization number and password through OCLC FirstSearch Electronic Collections Online
=856  40$uhttps://academic.oup.com/mr
=856  40$uhttps://www.tandfonline.com/journals/imor20
=856  40$uhttp://informahealthcare.com/loi/mor$zLink no longer valid
=856  40$uhttp://link.springer-ny.com/link/service/journals/10165/index.htm
=856  40$uhttp://link.springer.com/journal/10165
=859  \\$aELD$bejournal
=859  \\$aXLD$bejournal$cSFX
=945  \\$aModern rheumatology
=959  \\$fCurrently available
=979  \\$aBritish Library$bDSC$j5895.300000
=985  \\$aISSN responsibility transferred to UK Centre from US Center 2/8/22 DLW.
=ACF  \\$aPrevious copyright fee: GBP21.25$c23\3$e01-jan-2009$fGBP21.25$g0$hP$5Uk
=ACF  \\$aPrevious copyright fee: GBP16.75$c23\3$e01-jan-2007$fGBP16.75$g0$hP$5Uk
=ACF  \\$aPrevious copyright fee: GBP16.22$c23\3$e01-oct-2006$fGBP16.22$g0$hP$5Uk
=ACF  \\$aPrevious copyright fee: GBP17.14$c23\3$e01-apr-2006$fGBP17.14$g0$hP$5Uk
=ACF  \\$aPrevious copyright fee: GBP16.67$c23\3$e01-jan-2006$fGBP16.67$g0$hP$5Uk
=ACF  \\$aPrevious copyright fee: GBP16.22$c23\3$e01-apr-2005$fGBP16.22$g0$hP$5Uk
=ACF  \\$aPrevious copyright fee: GBP16.67$c23\3$e01-jan-2005$fGBP16.67$g0$hP$5Uk
=ACF  \\$aPrevious copyright fee: GBP22.00$c23\3$e01-apr-2009$fGBP22.00$g0$hP$5Uk
=ACF  \\$aPrevious copyright fee: GBP22.00$c23\3$e12-aug-2012$fGBP22.00$g0$hP$5Uk
=ACF  \\$aPrevious copyright fee: GBP25.00$c23\3$e01-jan-2013$fGBP25.00$g0$hP$5Uk
=ACF  \\$aPrevious copyright fee: GBP24.97$c23\3$e01-jan-2014$fGBP24.97$g0$hP$5Uk
=ACF  \\$aPrevious copyright fee: GBP25.77$c23\3$e01-jul-2013$fGBP25.77$g0$hP$5Uk
=ACF  \\$aPrevious copyright fee: GBP33.00$c45\0$e15-jan-2014$fGBP33.00$g0$hP$5Uk
=ACF  \\$aPrevious copyright fee: GBP34.00$c45\0$e01-apr-2014$fGBP34.00$g0$hP$5Uk
=ACF  \\$aPrevious copyright fee: GBP33.00$c45\0$e01-apr-2015$fGBP33.00$g0$hP$5Uk
=ACF  \\$aPrevious copyright fee: GBP34.00$c45\0$e01-jan-2016$fGBP34.00$g0$hP$5Uk
=ACF  \\$aPrevious copyright fee: GBP36.00$c45\0$e01-jan-2017$fGBP36.00$g0$hP$5Uk
=ACF  \\$aPrevious copyright fee: GBP38.00$c45\0$e01-jan-2018$fGBP38.00$g0$hP$5Uk
=ACF  \\$aPrevious copyright fee: GBP40.00$c45\0$e01-jan-2019$fGBP40.00$g0$hP$5Uk
=ACF  \\$aPreviouscopyright fee: GBP20.00$c29\0$e01-jan-2022$fGBP20.00$g0$hP$5Uk
=ACF  \\$aPrevious copyright fee: GBP44.00$c45\0$e26-jan-2021$fGBP44.00$g0$hP$5Uk
=ACF  \\$aPrevious copyright fee: GBP32.00$c29\0$e09-mar-2022$fGBP32.00$g0$hP$5Uk
=CAT  \\$a6524$b40$c20050123$lBLL01$h1338
=CAT  \\$a5410$b40$c20190828$lBLL01$h1124
=CAT  \\$aBATCH-UPD$b40$c20210126$lBLL01$h1322
=CAT  \\$aIPL-CLA$c20210126$lBLL01$h1447
=CAT  \\$a12654$b40$c20211026$lBLL01$h1128
=CAT  \\$aIPL-CLA$c20211231$lBLL01$h1542
=CAT  \\$aBATCH-UNOA$c20220104$lBLL01$h2254
=CAT  \\$aBATCH-UPD$b00$c20220308$lBLL01$h1734
=CAT  \\$a8055$b40$c20220309$lBLL01$h1344
=CAT  \\$a8055$b40$c20220309$lBLL01$h1347
=CAT  \\$a14412$b40$c20220324$lBLL01$h1409
=CAT  \\$aIPL-CLA$c20220331$lBLL01$h1952
=CAT  \\$a8055$b40$c20220726$lBLL01$h1408
=CAT  \\$a10973$b40$c20220802$lBLL01$h1217
=CAT  \\$a10806$b40$c20220809$lBLL01$h0735
=CAT  \\$a10983$b40$c20220917$lBLL01$h1046
=CAT  \\$a6811$b40$c20220922$lBLL01$h1439
=CAT  \\$a6811$b40$c20220926$lBLL01$h1227
=CAT  \\$a12654$b40$c20230228$lBLL01$h1039
=CAT  \\$aS2302-1302$c20230322$lBLL01$h1708
=CAT  \\$aS2302-1302$c20230323$lBLL01$h1443
=CAT  \\$aIPL-CLA$c20230331$lBLL01$h1546
=CAT  \\$a11313$b40$c20230404$lBLL01$h1335
=CAT  \\$aS2304-0519$c20230412$lBLL01$h1139
=CAT  \\$a14586$b40$c20230421$lBLL01$h1349
=CAT  \\$aBATCH-SUPP$c20230426$lBLL01$h1108
=CFI  0\$aCurrent Copyright Fee: GBP64.00$c29\0$e01-apr-2023$fGBP64.00$g0$hP$5Uk
=CFI  2\$aPrevious copyright fee: GBP46.00$c29\0$e01-apr-2022$fGBP46.00$g0$hP$5Uk
=EST  \\$a1
=FFP  \\$aY$bBLDSS-3PM
=FIN  \\$aY$d20110715
=FMT  \\$a  SE
=LAS  \\$aBATCH-SUPP$b00$c20230426$lBLL01$h1108
=LKR  \\$aPAR$b011767059$lBLL01$r776$mModern rheumatology (Online)$nModern rheumatology (Print)
=MNI  \\$a1439-7595
=SID  \\$aZ39$bOCLC
=TCO  \\$aJPN$bJAACC$c008
=TOC  \\$aETOC
=UNO  \\$aY

