=LDR  05580cas a2201261 a 4500
=001  013128221
=003  Uk
=005  20230929130242.0
=006  m\\\\\\\\d\\\\\\\\
=007  cr\mnu||||||||
=008  040506c20049999enkbr\pss\\\\\0\\\a0eng\c
=010  \\$a  2010223051
=015  \\$aGBB243546$2bnb
=016  7\$a101214606$2DNLM
=022  \\$a1740-9713$y1740-9705$202
=035  \\$a(OCoLC)55084901
=037  \\$aISSN_17409705$bPortico$nWiley
=037  3\$aISSN_17409705_4$bPortico$nOxford University Press
=040  \\$aCPV$beng$cCPV$dOCoLC$dViRCU$dUX1$dAUD$dOCoLC$dCLU$dMCM$dFIE$dOCoLC$dAU@$dOCoLC$dUk
=042  \\$aukblsr$aissnuk
=050  14$aQA276.A1
=060  00$aW1$bSI395S
=082  04$a001.422$223
=130  0\$aSignificance (Oxford, England : Online)
=210  0\$aSignificance$b(Oxf., Online)
=222  \0$aSignificance$b(Oxford. Online)
=245  10$aSignificance$h[electronic resource].
=260  \\$a[Oxford] :$bBlackwell, on behalf of the Royal Statistical Society
=260  2\$a[Oxford] :$bWiley-Blackwell
=264  21$aHoboken, NJ :$bWiley Periodicals LLC
=264  31$32023-$aOxford :$bOxford University Press
=310  \\$aBimonthly,$b2012-
=321  \\$aQuarterly,$b2004-2011
=336  \\$atext$2rdacontent
=337  \\$acomputer$2rdamedia
=338  \\$aonline resource$2rdacarrier
=362  1\$aBegan with vol. 1, issue 1 (Mar. 2004).
=540  \\$aCurrent Copyright Fee: GBP40.00$c29\0$5Uk
=550  \\$aPublished on behalf of the Royal Statistical Society.
=588  \\$aDescription based on : vol. 1, issue 1 (Mar. 2004); title from journal home page (Wiley Online Library, viewed Dec. 15, 2010).
=588  \\$aLatest issue consulted: volume 20, issue 1 (February 2023) (Oxford Academic, viewed May 23, 2023).
=650  \0$aStatistics$vPeriodicals.
=650  \0$aSocial sciences$vPeriodicals.
=710  2\$aRoyal Statistical Society (Great Britain),$eissuing body.
=710  2\$aAmerican Statistical Association,$eissuing body.
=710  2\$aStatistical Society of Australia,$eissuing body.
=776  08$iAlso issued in print as:$tSignificance (Oxford, England)$x1740-9705
=852  41$aBritish Library$bHMNTS$jELD Digital store$3Volume 10:Issue 2(2013:Jun.)-***Previous issues available in print copy
=852  \\$aBritish Library$bDSC$j8276.280000$3Volume 1:Issue 2(2004)-Volume 19:Issue 6(2022)***See ESTAR for full holdings.
=856  \\$31850-9999$uhttp://onlinelibrary.wiley.com/$xBLDSS
=856  4\$uhttp://firstsearch.oclc.org
=856  4\$uhttp://firstsearch.oclc.org/journal=1740-9705;screen=info;ECOIP
=856  40$3HathiTrust Digital Library$uhttp://catalog.hathitrust.org/api/volumes/oclc/54900490.html
=856  40$uhttp://www.blackwell-synergy.com/servlet/useragent?func=showIssues&code=sign
=856  40$uhttp://onlinelibrary.wiley.com/journal/10.1111/(ISSN)1740-9713
=856  40$uhttp://rss.onlinelibrary.wiley.com/hub/journal/10.1111/(ISSN)1740-9713/
=856  40$uhttps://academic.oup.com/jrssig
=859  \\$aELD$bejournal
=859  \\$aXLD$bejournal$cSFX
=945  \\$aSignificance -Royal Statistical Society-
=959  \\$fCurrently available
=979  \\$aBritish Library$bDSC$j8276.280000
=ACF  \\$aPrevious copyright fee: GBP16.00$c10\0$e01-jan-2006$fGBP16.00$g0$hP$5Uk
=ACF  \\$aPrevious copyright fee: GBP15.00$c10\0$e31-mar-2004$fGBP15.00$g0$hP$5Uk
=ACF  \\$aPrevious copyright fee: GBP17.00$c10\0$e01-jan-2009$fGBP17.00$g0$hP$5Uk
=ACF  \\$aPrevious copyright fee: GBP22.00$c10\0$e01-jan-2011$fGBP22.00$g0$hP$5Uk
=ACF  \\$aPrevious copyright fee: GBP24.00$c10\0$e01-mar-2015$fGBP24.00$g0$hP$5Uk
=ACF  \\$aPrevious copyright fee: GBP24.00$c35\0$e07-mar-2017$fGBP24.00$g0$hP$5Uk
=CAT  \\$a7174$b40$c20050307$lBLL01$h1415
=CAT  \\$aWR14_009$c20140204$lBLL01$h2344
=CAT  \\$aBATCH-CLA$c20140225$lBLL01$h2323
=CAT  \\$aBLDSS-3PM$b00$c20141214$lBLL01$h1522
=CAT  \\$aBATCH-UPD$b00$c20150215$lBLL01$h1625
=CAT  \\$aIPL-CLA$c20150228$lBLL01$h2048
=CAT  \\$aBATCH-UPD$b00$c20160526$lBLL01$h2219
=CAT  \\$aW1703-0316$c20170306$lBLL01$h1824
=CAT  \\$aW1703-0316$c20170307$lBLL01$h1647
=CAT  \\$aIPL-CLA$c20170307$lBLL01$h1824
=CAT  \\$a11205$b40$c20171002$lBLL01$h1149
=CAT  \\$a11205$b40$c20171002$lBLL01$h1152
=CAT  \\$aW1711-1005$c20171206$lBLL01$h1817
=CAT  \\$aBATCH-UPD$b00$c20180219$lBLL01$h1746
=CAT  \\$aBATCH-UPD$b00$c20181121$lBLL01$h1621
=CAT  \\$aIPL-CLA$c20181231$lBLL01$h1541
=CAT  \\$aR1911-0245$c20191127$lBLL01$h0823
=CAT  \\$aR1911-0245$c20191127$lBLL01$h1045
=CAT  \\$aIPL-CLA$c20191231$lBLL01$h1932
=CAT  \\$a10806$b40$c20220621$lBLL01$h0912
=CAT  \\$a10806$b40$c20220621$lBLL01$h1518
=CAT  \\$a10983$b40$c20230426$lBLL01$h1546
=CAT  \\$a10806$b40$c20230523$lBLL01$h0900
=CAT  \\$a12654$b40$c20230707$lBLL01$h0953
=CAT  \\$a8055$b40$c20230707$lBLL01$h1450
=CAT  \\$a8055$b40$c20230929$lBLL01$h1302
=CFI  0\$aCurrent Copyright Fee: GBP40.00$c29\0$e29-sep-2023$fGBP40.00$g0$hP$5Uk
=CFI  2\$aPrevious Copyright Fee: GBP32.00$c35\0$e01-jan-2020$fGBP32.00$g0$hP$5Uk
=CFI  2\$aPrevious copyright fee: GBP28.00$c35\0$e01-jan-2019$fGBP28.00$g0$hP$5Uk
=EST  \\$a1
=FFP  \\$aY$bBLDSS-3PM
=FIN  \\$aY$d20120502
=FMT  \\$a  SE
=LAS  \\$a8055$b40$c20230929$lBLL01$h1302
=LET  \0$aSignificance (Electronic)
=MNI  \\$a1740-9705
=SRC  \\$aBLL02
=TCO  \\$aCLA$bCLA$c008
=TOC  \\$aETOC
=UNO  \\$aY

