=LDR  06082cas a2201273 a 4500
=001  013132487
=003  Uk
=005  20230426110836.0
=006  m\\\\\\\\d\\\\\\\\
=007  cr\cnu||||||||
=008  990505c19339999enkqr\p\o\\\\\0\\\a0eng\d
=010  \\$asn 99023389
=015  \\$aGBB411923$2bnb
=022  0\$a1467-937X$y0034-6527$202
=035  \\$a(OCoLC)41302462$z(OCoLC)44544614
=037  \\$arestud$bOxford University Press
=037  3\$aISSN_00346527_4$bPortico$nOxford University Press
=040  \\$aEYM$cEYM$dOCLCQ$dF#A$dCIT$dGUA$dOCLCQ$dUk
=042  \\$aukblsr$aissnuk
=050  14$aHB1
=082  04$a330$222
=130  0\$aReview of economic studies (Online)
=210  0\$aRev. econ. stud.$b(Online)
=222  \4$aThe review of economic studies$b(Online)
=245  14$aThe review of economic studies$h[electronic resource].
=260  \\$aLondon :$bLondon School of Economics and Political Science
=260  2\$aOxford :$bBlackwell
=260  3\$aOxford :$bOxford University Press
=310  \\$aQuarterly,$b1964-
=321  \\$aThree no. a year,$b1933-1963
=336  \\$atext$2rdacontent
=337  \\$acomputer$2rdamedia
=338  \\$aonline resource$2rdacarrier
=362  0\$aVol. 1, no. 1 (Oct. 1933)-
=500  \\$aPublished on behalf of The Review of Economic Studies Ltd.
=500  \\$aDescription based on JSTOR World Wide Web homepage; title from title screen (viewed May 5, 1999).
=525  \\$aHas occasional special issues.
=540  \\$aCurrent Copyright Fee: GBP42.00$c29\0$5Uk
=550  \\$aIssued Oct. 1933-<June 1934> by the London School of Economics and Political Science; Oct. 1958-Jan. 1972 by the Economic Study Society; Apr. 1972-Apr. 1988 by the Society for Economic Analysis; July 1988- by the Review of Economic Studies Limited.
=550  \\$aIssued Oct. 1958-Jan. 1972 by the Economic Study Society; Apr. 1972-Apr. 1988 by the Society for Economic Analysis.
=588  \\$aLatest issue consulted: vol. 81(1), no. 286 (January 2014) (Oxford Journals, viewed January 31, 2014).
=650  \0$aEconomics$vPeriodicals.
=690  7\$aManagement and Business Studies$2blcoll
=710  2\$aSociety for Economic Analysis.
=710  2\$aEconomic Study Society.
=710  2\$aLondon School of Economics and Political Science.
=776  08$iAlso issued in print as:$tReview of economic studies$x0034-6527
=852  41$aBritish Library$bHMNTS$jELD Digital store$3Volume 81:Number 1(2014:Jan.)-***Previous issues available in print copy
=852  \\$aBritish Library$bDSC$j7790.200000$3Volume 71:Issue 4(2004)-Volume 77:Issue 4(2010)***See ESTAR for full holdings.
=856  \\$ahttp://estar.bl.uk/cgi-bin/sciserv.pl?collection=journals&journal=00346527
=856  \\$31850-9999$uhttp://ukcatalogue.oup.com/$xBLDSS
=856  4\$uhttp://firstsearch.oclc.org/journal=0034-6527;screen=info;ECOIP$zAddress for accessing the journal from an authorized IP address through OCLC FirstSearch Electronic Collections Online
=856  40$uhttp://restud.oxfordjournals.org
=856  40$uhttp://www.blackwellpublishing.com/journal.asp?ref=0034-6527
=856  40$uhttp://www.jstor.org/journals/00346527.html
=859  \\$aELD$bejournal
=859  \\$aXLD$bejournal$cSFX
=945  \\$aREVIEW OF ECONOMIC STUDIES
=959  \\$fCurrently available
=979  \\$aBritish Library$bDSC$j7790.200000
=ACF  \\$aPrevious copyright fee: GBP15.00$c10\0$e01-apr-2004$fGBP15.00$g0$hP$5Uk
=ACF  \\$aCurrent copyright fee: GBP22.00$c10\0$e01-jan-2006$fGBP22.00$g0$hP$5Uk
=ACF  \\$aPrevious copyright fee: GBP23.00$c29\0$e25-jan-2011$fGBP23.00$g0$hP$5Uk
=ACF  \\$aPrevious copyright fee: GBP20.00$c29\0$e01-jan-2013$fGBP20.00$g0$hP$5Uk
=ACF  \\$aPrevious copyright fee: GBP23.00$c29\0$e01-jan-2015$fGBP23.00$g0$hP$5Uk
=ACF  \\$aPrevious copyright fee: GBP24.00$c29\0$e01-jan-2016$fGBP24.00$g0$hP$5Uk
=ACF  \\$aPrevious copyright fee: GBP26.00$c29\0$e01-jan-2017$fGBP26.00$g0$hP$5Uk
=ACF  \\$aPrevious copyright fee: GBP27.00$c29\0$e01-jan-2018$fGBP27.00$g0$hP$5Uk
=ACF  \\$aPrevious copyright fee: GBP28.00$c29\0$e01-jan-2019$fGBP28.00$g0$hP$5Uk
=ACF  \\$aPrevious Copyright Fee: GBP29.00$c29\0$e01-jan-2020$fGBP29.00$g0$hP$5Uk
=CAT  \\$a7174$b40$c20050310$lBLL01$h1412
=CAT  \\$aIPL-CLA$c20141231$lBLL01$h1652
=CAT  \\$aBATCH-UPD$b00$c20151119$lBLL01$h1551
=CAT  \\$aIPL-CLA$c20151231$lBLL01$h1921
=CAT  \\$aBATCH-UPD$b00$c20160524$lBLL01$h2210
=CAT  \\$aBATCH-UPD$b00$c20160525$lBLL01$h0021
=CAT  \\$aBATCH-UPD$b00$c20161122$lBLL01$h1520
=CAT  \\$aIPL-CLA$c20161230$lBLL01$h2137
=CAT  \\$aBATCH-UPD$b00$c20171121$lBLL01$h1703
=CAT  \\$aW1711-1005$c20171206$lBLL01$h1817
=CAT  \\$aIPL-CLA$c20171231$lBLL01$h1640
=CAT  \\$aBATCH-UPD$b00$c20181217$lBLL01$h1651
=CAT  \\$aIPL-CLA$c20181231$lBLL01$h1541
=CAT  \\$aW1910-0530$c20191007$lBLL01$h1114
=CAT  \\$aR1911-1518$c20191206$lBLL01$h1406
=CAT  \\$aIPL-CLA$c20191231$lBLL01$h1932
=CAT  \\$a5410$b40$c20200312$lBLL01$h0849
=CAT  \\$aBATCH-UPD$b40$c20220308$lBLL01$h1727
=CAT  \\$aIPL-CLA$c20220331$lBLL01$h1952
=CAT  \\$a5410$b40$c20221016$lBLL01$h1043
=CAT  \\$a12654$b40$c20230307$lBLL01$h0806
=CAT  \\$aS2302-1302$c20230322$lBLL01$h1708
=CAT  \\$aS2302-1302$c20230323$lBLL01$h1444
=CAT  \\$aIPL-CLA$c20230331$lBLL01$h1546
=CAT  \\$aS2304-0519$c20230412$lBLL01$h1139
=CAT  \\$aBATCH-SUPP$c20230426$lBLL01$h1108
=CFI  0\$aCurrent Copyright Fee: GBP42.00$c29\0$e01-apr-2023$fGBP42.00$g0$hP$5Uk
=CFI  2\$aPrevious copyright fee: GBP32.00$c29\0$e01-apr-2022$fGBP32.00$g0$hP$5Uk
=EST  \\$a1
=FFP  \\$aY$bBLDSS-3PM
=FIN  \\$aY$d20080308
=FMT  \\$a  SE
=LAS  \\$aBATCH-SUPP$b00$c20230426$lBLL01$h1108
=LKR  \\$aPAR$b009543554$lBLL01$r776$mReview of economic studies (Online)$nReview of Economic Studies (Print)
=MNI  \\$a0034-6527
=SID  \\$aZ39$bOCLC
=TCO  \\$aCLA$bCLA$c008
=TOC  \\$aETOC
=UNO  \\$aY

