=LDR  04737cas a2201069 a 4500
=001  013179241
=003  Uk
=005  20230426110838.0
=006  m\\\\\\\\d\|\\\\\\
=007  cr||||||||||||
=008  050419c20059999enkmr\p\s\\\\\0\\\a0eng\\
=015  \\$aGBA995833$2bnb
=022  0\$a1747-1540$l1747-1532$202
=037  \\$ajiplp$bOxford University Press
=037  3\$aISSN_17471532$bPortico$nOxford University Press
=040  \\$aUk$beng$cUk$dUk
=042  \\$aissnuk$aukblsr
=082  04$a346.048$222
=130  0\$aJournal of intellectual property law and practice (Online)
=222  \0$aJournal of intellectual property law and practice$b(Online)
=245  10$aJournal of intellectual property law and practice$h[electronic resource].
=246  3\$aJournal of intellectual property law & practice
=246  13$aJIPLP
=260  \\$a[Oxford] :$bOxford University Press,$c2005-
=310  \\$aMonthly
=336  \\$atext$2rdacontent
=337  \\$acomputer$2rdamedia
=338  \\$aonline resource$2rdacarrier
=362  0\$aVol. 1, no. 1 (No. 2005)-
=500  \\$aSubject-matter covered will be of global interest, with a particular focus upon IP law and practice in Europe.
=500  \\$aTitle from contents screen (Oxford journals, viewed on Sept. 30, 2009).
=540  \\$aCurrent Copyright Fee: GBP44.00$c29\0$5Uk
=588  \\$aLatest issue consulted: volume 9, number 2 (February 2014) (viewed January 29, 2014).
=650  \0$aIntellectual property$vPeriodicals.
=650  \0$aIntellectual property$zEurope$vPeriodicals.
=776  1\$tJournal of intellectual property law and practice$x1747-1532
=852  41$aBritish Library$bHMNTS$jELD Digital store$3Volume 9:Number 1(2014:Jan.)-
=852  41$aBritish Library$bDSC$j5007.538443$3Volume 2:Issue 8(2007)-Volume 16:Issue 12(2021)***See ESTAR for full holdings.
=856  \\$31850-9999$uhttp://ukcatalogue.oup.com/$xBLDSS
=856  40$uhttp://jiplp.oxfordjournals.org/
=859  \\$aELD$bejournal
=859  \\$aXLD$bejournal$cSFX
=945  \\$aJournal of intellectual property law and practice
=959  \\$fCurrently available
=979  \\$aBritish Library$bDSC$j5007.538443
=ACF  \\$aPrevious Copyright Fee: GBP16.00$c29\0$e01-jan-2007$fGBP16.00$g0$hP$5Uk
=ACF  \\$aCurrent copyright fee: GBP18.00$c29\0$e01-jan-2008$fGBP18.00$g0$hP$5Uk
=ACF  \\$aPrevious copyright fee: GBP20.00$c29\0$e23-apr-2009$fGBP20.00$g0$hP$5Uk
=ACF  \\$aPrevious copyright fee: GBP35.00$c29\0$e01-jan-2015$fGBP35.00$g0$hP$5Uk
=ACF  \\$aPrevious copyright fee: GBP30.00$c29\0$e01-jan-2013$fGBP30.00$g0$hP$5Uk
=ACF  \\$aPrevious copyright fee: GBP41.00$c29\0$e11-jan-2019$fGBP41.00$g0$hP$5Uk
=ACF  \\$aPrevious Copyright Fee: GBP29.00$c29\0$e01-jan-2020$fGBP29.00$g0$hP$5Uk
=CAT  \\$a7152$b40$c20050419$lBLL01$h1513
=CAT  \\$aBATCH-CLA$b00$c20121109$lBLL01$h1729
=CAT  \\$a5552$b40$c20121213$lBLL01$h1151
=CAT  \\$aIPL-CLA$c20121231$lBLL01$h1315
=CAT  \\$aIPL-CLA$c20130102$lBLL01$h1738
=CAT  \\$a10902$b40$c20131202$lBLL01$h0936
=CAT  \\$a11205$b40$c20140129$lBLL01$h1321
=CAT  \\$aWR14_140$c20140905$lBLL01$h1807
=CAT  \\$a5552$b40$c20141029$lBLL01$h1147
=CAT  \\$aBLDSS-3PM$b00$c20141208$lBLL01$h1625
=CAT  \\$aIPL-CLA$c20141231$lBLL01$h1652
=CAT  \\$aBATCH-UPD$b00$c20160522$lBLL01$h2347
=CAT  \\$aBATCH-UPD$b00$c20160524$lBLL01$h2210
=CAT  \\$aW1711-1005$c20171206$lBLL01$h1817
=CAT  \\$a5552$b40$c20190111$lBLL01$h1234
=CAT  \\$aW1910-0530$c20191007$lBLL01$h1114
=CAT  \\$aR1911-1518$c20191206$lBLL01$h1405
=CAT  \\$aIPL-CLA$c20191231$lBLL01$h1932
=CAT  \\$aBATCH-UPD$b00$c20220308$lBLL01$h1727
=CAT  \\$aIPL-CLA$c20220331$lBLL01$h1952
=CAT  \\$a12654$b40$c20221104$lBLL01$h1152
=CAT  \\$aS2302-1302$c20230322$lBLL01$h1708
=CAT  \\$aS2302-1302$c20230323$lBLL01$h1443
=CAT  \\$aIPL-CLA$c20230331$lBLL01$h1546
=CAT  \\$aS2304-0519$c20230412$lBLL01$h1139
=CAT  \\$aBATCH-SUPP$c20230426$lBLL01$h1108
=CFI  0\$aCurrent Copyright Fee: GBP44.00$c29\0$e01-apr-2023$fGBP44.00$g0$hP$5Uk
=CFI  2\$aPrevious copyright fee: GBP32.00$c29\0$e01-apr-2022$fGBP32.00$g0$hP$5Uk
=EST  \\$a1
=FFP  \\$aY$bBLDSS-3PM
=FIN  \\$aY$d20060727
=FIN  \\$b20221104$aY
=FMT  \\$a  SE
=LAS  \\$aBATCH-SUPP$b00$c20230426$lBLL01$h1108
=LET  \0$aJournal of intellectual property law and practice (Online)
=LKR  \\$aPAR$b013179242$lBLL01$nJournal of intellectual property law and practice (Print)$mJournal of intellectual property law and practice (Online)$r776
=MNI  \\$a1747-1532
=TCO  \\$aCLA$bCLA$c008
=TOC  \\$aETOC
=UNO  \\$aY

