=LDR  05228cas a2201237 a 4500
=001  013218621
=003  Uk
=005  20230426110840.0
=006  m\\\\\\\\d\\\\\\\\
=007  cr\mnu||||||||
=008  050304c20059999enkbr\pss\\\\\0\\\a0eng\d
=010  \\$a2005249035
=015  \\$aGBA926554$2bnb
=022  0\$a1746-5710$202$y0010-4531
=035  \\$a(OCoLC)58045244
=037  \\$acombul$bOxford University Press
=037  3\$aISSN_17465702$bPortico$nOxford University Press
=040  \\$aABC$cABC$dMUQ$dOCLCQ$dZYU$dWAU$dOCL$dUk
=042  \\$aukblsr$aissnuk
=050  14$aQA76$b.C56
=082  04$a004.05$222
=130  0\$aITNow (Online)
=222  \0$aITNOW$b(Online)
=245  10$aITNow$h[electronic resource].
=246  3\$aInformation technology now
=246  3\$aIT now
=260  \\$aOxford, England :$bOxford University Press,$c2005-
=310  \\$aSix no. a year
=336  \\$atext$2rdacontent
=337  \\$acomputer$2rdamedia
=338  \\$aonline resource$2rdacarrier
=362  0\$aVol. 47, no. 2 (Mar. 2005)-
=500  \\$aTitle from publisher's website (OUP, viewed Apr. 21, 2005).
=530  \\$aIssued also in print.
=538  \\$aMode of access: World Wide Web.
=540  \\$aCurrent Copyright Fee: GBP32.00$c29\0$5Uk
=550  \\$aOrgan of: the British Computer Society.
=588  \\$aLatest issue consulted: volume 55, number 4 (winter 2013) (Oxford Journals, viewed January 29, 2014).
=650  \0$aInformation technology$vPeriodicals.
=650  \0$aComputers$vPeriodicals.
=650  \0$aComputer systems$vPeriodicals.
=710  2\$aBritish Computer Society.
=776  1\$tITNow$x1746-5702
=780  00$tComputer bulletin$x0010-4531
=780  00$tComputer bulletin$c(Online)$x1464-357X
=852  41$aBritish Library$bHMNTS$jELD Digital store$3Volume 56:Number 1(2014:Spring)-***Previous issues available in print copy
=852  \\$aBritish Library$bDSC$j4588.687500$3Volume 47:Issue 2(2005)-Volume 53:Issue 6(2011)***See ESTAR for full holdings.
=856  \\$31850-9999$uhttp://ukcatalogue.oup.com/$xBLDSS
=856  4\$uhttp://www.bcs.org/BCS/Products/publishing/itnow/OnlineArchive$zNo longer links to resource
=856  40$uhttp://itnow.oupjournals.org
=859  \\$aELD$bejournal
=859  \\$aXLD$bejournal$cSFX
=945  \\$aITNOW
=959  \\$fCurrently available
=979  \\$aBritish Library$bDSC$j4588.687500
=ACF  \\$aPrevious Copyright Fee: GBP10.00$c29\0$e01-jan-2006$fGBP10.00$g0$hP$5Uk
=ACF  \\$aPrevious copyright fee: GBP9.00$c29\0$e10-jun-2005$fGBP9.00$g0$hP$5Uk
=ACF  \\$aCurrent copyright fee: GBP11.00$c29\0$e01-jan-2008$fGBP11.00$g0$hP$5Uk
=ACF  \\$aPrevious copyright fee: GBP14.00$c29\0$e26-nov-2008$fGBP14.00$g0$hP$5Uk
=ACF  \\$aPrevious copyright fee: GBP20.00$c29\0$e01-jan-2013$fGBP20.00$g0$hP$5Uk
=ACF  \\$aPrevious copyright fee: GBP23.00$c29\0$e01-jan-2015$fGBP23.00$g0$hP$5Uk
=ACF  \\$aPrevious copyright fee: GBP24.00$c29\0$e01-jan-2016$fGBP24.00$g0$hP$5Uk
=ACF  \\$aPrevious copyright fee: GBP26.00$c29\0$e01-jan-2017$fGBP26.00$g0$hP$5Uk
=ACF  \\$aPrevious copyright fee: GBP27.00$c29\0$e01-jan-2018$fGBP27.00$g0$hP$5Uk
=ACF  \\$aPrevious copyright fee: GBP28.00$c29\0$e01-jan-2019$fGBP28.00$g0$hP$5Uk
=ACF  \\$aPrevious Copyright Fee: GBP20.00$c29\0$e01-jan-2020$fGBP20.00$g0$hP$5Uk
=CAT  \\$a7174$b40$c20050610$lBLL01$h1425
=CAT  \\$aBLDSS-3PM$b00$c20141208$lBLL01$h1625
=CAT  \\$aIPL-CLA$c20141231$lBLL01$h1652
=CAT  \\$aBATCH-UPD$b00$c20151119$lBLL01$h1551
=CAT  \\$aIPL-CLA$c20151231$lBLL01$h1921
=CAT  \\$aBATCH-UPD$b00$c20160524$lBLL01$h2210
=CAT  \\$aBATCH-UPD$b00$c20160525$lBLL01$h0022
=CAT  \\$aBATCH-UPD$b00$c20161122$lBLL01$h1520
=CAT  \\$aIPL-CLA$c20161230$lBLL01$h2141
=CAT  \\$aBATCH-UPD$b00$c20171121$lBLL01$h1703
=CAT  \\$aW1711-1005$c20171206$lBLL01$h1817
=CAT  \\$aIPL-CLA$c20171231$lBLL01$h1643
=CAT  \\$aBATCH-UPD$b00$c20181217$lBLL01$h1652
=CAT  \\$aIPL-CLA$c20181231$lBLL01$h1542
=CAT  \\$aW1910-0530$c20191007$lBLL01$h1114
=CAT  \\$aR1911-1518$c20191206$lBLL01$h1419
=CAT  \\$aIPL-CLA$c20191231$lBLL01$h1933
=CAT  \\$aBATCH-UPD$b00$c20220308$lBLL01$h1734
=CAT  \\$aIPL-CLA$c20220331$lBLL01$h1952
=CAT  \\$a12654$b40$c20230221$lBLL01$h1243
=CAT  \\$aS2302-1302$c20230322$lBLL01$h1707
=CAT  \\$aS2302-1302$c20230322$lBLL01$h1708
=CAT  \\$aS2302-1302$c20230323$lBLL01$h1443
=CAT  \\$aIPL-CLA$c20230331$lBLL01$h1546
=CAT  \\$aS2304-0519$c20230412$lBLL01$h1139
=CAT  \\$aBATCH-SUPP$c20230426$lBLL01$h1108
=CFI  0\$aCurrent Copyright Fee: GBP32.00$c29\0$e01-apr-2023$fGBP32.00$g0$hP$5Uk
=CFI  2\$aPrevious copyright fee: GBP22.00$c29\0$e01-apr-2022$fGBP22.00$g0$hP$5Uk
=EST  \\$a1
=FFP  \\$aY$bBLDSS-3PM
=FIN  \\$aY$d20050902
=FMT  \\$a  SE
=LAS  \\$aBATCH-SUPP$b00$c20230426$lBLL01$h1108
=LKR  \\$aPAR$b012432525$lBLL01$r780$mItnow$nComputer bulletin
=LKR  \\$aPAR$b013102756$lBLL01$r776$mItnow (Online)$nITNOW (Print)
=MNI  \\$a1746-5702
=SID  \\$aZ39$bOCLC
=TCO  \\$aCLA$bCLA$c008
=TOC  \\$aETOC
=UNO  \\$aY

