=LDR  05660cas a2201273 a 4500
=001  013357603
=003  Uk
=005  20230426110848.0
=006  m\\\\\\\\d\\\\\\\\
=007  cr\cnu|||uuuuu
=008  990415c200u9999enkmr\p\s\\\\\0\\\a0eng\d
=015  \\$aGBA605193$2bnb
=022  0\$a1469-994X$202
=035  \\$a(CtY)6275227
=037  \\$anictob$bOxford University Press
=037  3\$aISSN_14622203_4$bPortico$nOxford University Press
=040  \\$aCtY-M$cCtY-M$dUk
=042  \\$aukblsr$aissnuk
=082  04$a613.85$222
=130  0\$aNicotine & tobacco research (Online)
=210  0\$aNicotine tob. res.$b(Online)
=222  \0$aNicotine & tobacco research$b(Online)
=245  10$aNicotine & tobacco research$h[electronic resource] :$bofficial journal of the Society for Research on Nicotine and Tobacco.
=246  3\$aNicotine and tobacco research
=260  \\$aLondon ;$aNew York :$bTaylor & Francis Health Sciences
=264  31$32009-$aOxford :$bOxford University Press
=310  \\$aMonthly,$b2007-
=321  \\$aBimonthly,$b2004-2006
=321  \\$aFour issues a year,$b-2003
=336  \\$atext$2rdacontent
=337  \\$acomputer$2rdamedia
=338  \\$aonline resource$2rdacarrier
=362  0\$aVol. 1, no. 1 (Mar. 1999)-
=500  \\$aTitle from journal information screen (viewed Jul. 9, 2003).
=506  \\$aSubscription required for access to abstracts and full text.
=510  1\$aIndex medicus$x0019-3879$bv1n1, Mar. 1999-
=510  0\$aChemical abstracts$x0009-2258
=538  \\$aMode of access: World Wide Web.
=540  \\$aCurrent Copyright Fee: GBP42.00$c29\0$5Uk
=588  \\$aLatest issue consulted: volume 16, issue 2 (February 2014) (Oxford Journals website, viewed January 27, 2014).
=650  \0$aNicotine$vPeriodicals.
=650  \0$aTobacco$xResearch$vPeriodicals.
=650  \0$aTobacco habit$vPeriodicals.
=650  12$aNicotine$vPeriodicals.
=650  22$aTobacco$vPeriodicals.
=650  22$aSmoking$vPeriodicals.
=710  2\$aSociety for Research on Nicotine and Tobacco.
=776  08$iAlso issued in print as:$tNicotine & tobacco research$x1462-2203
=852  41$aBritish Library$bHMNTS$jELD Digital store$3Volume 16:Issue 1(2014:Jan.)-***Previous issues available in print copy
=852  41$aBritish Library$bDSC$j6110.106500$3Volume 8:Issue 1(2006)-Volume 13:Issue 12(2011)***See ESTAR for full holdings.
=854  40$uhttp://ntr.oxfordjournals.org/
=856  \\$31850-9999$uhttp://ukcatalogue.oup.com/$xBLDSS
=856  40$uhttp://journalsonline.tandf.co.uk/app/home/journal.asp?wasp=94a708f2c2dd42cb9f0841fff9268622&referrer=parent&backto=searchpublicationsresults,1,1;homemain,1,1;
=859  \\$aELD$bejournal
=859  \\$aXLD$bejournal$cSFX
=945  \\$aNICOTINE AND TOBACCO RESEARCH.
=959  \\$fCurrently available
=979  \\$aBritish Library$bDSC$j6110.106500
=985  \\$aCONFERENCE ANALYTIC RECORDS EXIST
=ACF  \\$aPrevious copyright fee: GBP20.00$c1\0$e01-jan-2007$fGBP20.00$g0$hP$5Uk
=ACF  \\$aPrevious copyright fee: GBP18.00$c1\0$e01-jan-2005$fGBP18.00$g0$hP$5Uk
=ACF  \\$aPrevious copyright fee: GBP19.00$c1\0$e01-apr-2008$fGBP19.00$g0$hP$5Uk
=ACF  \\$aPrevious copyright fee: GBP18.00$c29\0$e01-jan-2009$fGBP18.00$g0$hP$5Uk
=ACF  \\$aPrevious copyright fee: GBP20.00$c29\0$e01-jan-2013$fGBP20.00$g0$hP$5Uk
=ACF  \\$aPrevious copyright fee: GBP23.00$c29\0$e01-jan-2015$fGBP23.00$g0$hP$5Uk
=ACF  \\$aPrevious copyright fee: GBP24.00$c29\0$e01-jan-2016$fGBP24.00$g0$hP$5Uk
=ACF  \\$aPrevious copyright fee: GBP26.00$c29\0$e01-jan-2017$fGBP26.00$g0$hP$5Uk
=ACF  \\$aPrevious copyright fee: GBP27.00$c29\0$e01-jan-2018$fGBP27.00$g0$hP$5Uk
=ACF  \\$aPrevious copyright fee: GBP28.00$c29\0$e01-jan-2019$fGBP28.00$g0$hP$5Uk
=ACF  \\$aPrevious Copyright Fee: GBP29.00$c29\0$e01-jan-2020$fGBP29.00$g0$hP$5Uk
=CAT  \\$a6537$b40$c20051211$lBLL01$h1049
=CAT  \\$aIPL-CLA$c20141231$lBLL01$h1653
=CAT  \\$aBATCH-UPD$b00$c20151119$lBLL01$h1551
=CAT  \\$aIPL-CLA$c20151231$lBLL01$h1923
=CAT  \\$aBATCH-UPD$b00$c20160524$lBLL01$h2210
=CAT  \\$aBATCH-UPD$b00$c20160525$lBLL01$h0022
=CAT  \\$aBATCH-UPD$b00$c20161122$lBLL01$h1521
=CAT  \\$aIPL-CLA$c20161230$lBLL01$h2150
=CAT  \\$aBATCH-UPD$b00$c20171121$lBLL01$h1703
=CAT  \\$aW1711-1005$c20171206$lBLL01$h1818
=CAT  \\$aIPL-CLA$c20171231$lBLL01$h1649
=CAT  \\$aBATCH-UPD$b00$c20181217$lBLL01$h1652
=CAT  \\$aIPL-CLA$c20181231$lBLL01$h1543
=CAT  \\$aW1910-0530$c20191007$lBLL01$h1114
=CAT  \\$aR1911-1518$c20191206$lBLL01$h1405
=CAT  \\$aIPL-CLA$c20191231$lBLL01$h1937
=CAT  \\$a5410$b40$c20200905$lBLL01$h0006
=CAT  \\$aBATCH-UPD$b40$c20220308$lBLL01$h1727
=CAT  \\$aIPL-CLA$c20220331$lBLL01$h1952
=CAT  \\$a5410$b40$c20221021$lBLL01$h0843
=CAT  \\$a12654$b40$c20230228$lBLL01$h1200
=CAT  \\$aS2302-1302$c20230322$lBLL01$h1708
=CAT  \\$aS2302-1302$c20230323$lBLL01$h1444
=CAT  \\$aIPL-CLA$c20230331$lBLL01$h1547
=CAT  \\$aS2304-0519$c20230412$lBLL01$h1139
=CAT  \\$aBATCH-SUPP$c20230426$lBLL01$h1108
=CFI  0\$aCurrent Copyright Fee: GBP42.00$c29\0$e01-apr-2023$fGBP42.00$g0$hP$5Uk
=CFI  2\$aPrevious copyright fee: GBP32.00$c29\0$e01-apr-2022$fGBP32.00$g0$hP$5Uk
=EST  \\$a1
=FFP  \\$aY$bBLDSS-3PM
=FIN  \\$aY$d20051211
=FMT  \\$a  SE
=LAS  \\$aBATCH-SUPP$b00$c20230426$lBLL01$h1108
=LET  \0$aNicotine & tobacco research (Online)
=MNI  \\$a1462-2203
=SID  \\$aZ39$bRLG
=TCO  \\$aCLA$bCLA$c008
=TOC  \\$aETOC
=UNO  \\$aY

