=LDR  05646cas a2201237 a 4500
=001  013357633
=003  Uk
=005  20230426110849.0
=006  m\\\\\\\\d\\\\\\\\
=007  cr\|||||||||||
=008  000706c19769999ncubr\pss\\\\\0\\\a0eng\d
=010  \\$a2005214407
=015  \\$aGBA605218$2bnb
=022  0\$a1744-5019$y0360-5310$z1573-1065$202
=037  \\$ajmp$bOxford University Press
=037  3\$aISSN_03605310_4$bPortico$nOxford University Press
=040  \\$aF#A$beng$cF#A$dOCLCQ$dCSL$dNSD$dUk
=042  \\$aukblsr$aissnuk
=082  04$a616.001$222
=130  0\$aJournal of medicine and philosophy (Online)
=210  0\$aJ. med. philos.$b(Online)
=222  \0$aJournal of medicine and philosophy$b(Online)
=245  14$aThe journal of medicine and philosophy$h[electronic resource].
=246  3\$aJournal of medicine & philosophy
=260  \\$a[Lisse, the Netherlands] :$bSwets & Zeitlinger Pub
=260  2\$aAbingdon :$bTaylor & Francis,$c[1998]-
=260  3\$aCary, N.C. :$bOxford University Press
=310  \\$aBimonthly
=336  \\$atext$2rdacontent
=337  \\$acomputer$2rdamedia
=338  \\$aonline resource$2rdacarrier
=362  1\$aPrint began in 1976.
=500  \\$aPublished: Philadelphia, Pa. : Taylor and Francis, 2005-.
=540  \\$aCurrent Copyright Fee: GBP32.00$c29\0$5Uk
=550  \\$aIssues for Mar. 1976-> issued by the Society for Health and Human Values.
=588  \\$aDescription based on: Vol. 25, no. 1 (2000); title from journal information screen (viewed June 6, 2000).
=588  \\$aLatest issue consulted: volume 39, issue 1 (February 2014) (Oxford journals, viewed January 28, 2014).
=650  \0$aMedicine$xPhilosophy$vPeriodicals.
=650  \0$aMedical ethics$vPeriodicals.
=650  \2$aEthics, Medical$vPeriodicals.
=650  \2$aPhilosophy, Medical$vPeriodicals.
=710  2\$aSociety for Health and Human Values.
=776  0\$tJournal of medicine and philosophy$x0360-5310
=852  41$aBritish Library$bDSC$j5017.385000$3Volume 31:Issue 1(2006)-Volume 36:Issue 6(2011)***See ESTAR for full holdings.
=852  41$aBritish Library$bHMNTS$jELD Digital store$3Volume 39:Issue 1(2014:Feb.)-
=856  \\$31850-9999$uhttp://ukcatalogue.oup.com/$xBLDSS
=856  4\$uhttp://www.tandf.co.uk/journals/titles/03605310.asp$zNo longer valid
=856  40$uhttp://jmp.oxfordjournals.org/
=859  \\$aELD$bejournal
=859  \\$aXLD$bejournal$cSFX
=945  \\$aJournal of medicine and philosophy -Chicago then Dordrecht-
=959  \\$fCurrently available
=979  \\$aBritish Library$bDSC$j5017.385000
=ACF  \\$aPrevious copyright fee: GBP14.00$c29\0$e30-sep-2008$fGBP14.00$g0$hP$5Uk
=ACF  \\$aCurrent copyright fee: GBP15.00$c2\0$e01-apr-2008$fGBP15.00$g0$hP$5Uk
=ACF  \\$aPrevious copyright fee: GBP16.00$c2\0$e01-jan-2007$fGBP16.00$g0$hP$5Uk
=ACF  \\$aPrevious Copyright Fee: GBP13.00$c2\0$e01-oct-2005$fGBP13.00$g0$hP$5Uk
=ACF  \\$aCurrent copyright fee: GBP16.00$c29\0$e28-jan-2009$fGBP16.00$g0$hP$5Uk
=ACF  \\$aPrevious copyright fee: GBP14.00$c29\0$e04-feb-2008$fGBP14.00$g0$hP$5Uk
=ACF  \\$aPrevious copyright fee: GBP20.00$c29\0$e01-jan-2013$fGBP20.00$g0$hP$5Uk
=ACF  \\$aPrevious copyright fee: GBP23.00$c29\0$e01-jan-2015$fGBP23.00$g0$hP$5Uk
=ACF  \\$aPrevious copyright fee: GBP24.00$c29\0$e01-jan-2016$fGBP24.00$g0$hP$5Uk
=ACF  \\$aPrevious copyright fee: GBP26.00$c29\0$e01-jan-2017$fGBP26.00$g0$hP$5Uk
=ACF  \\$aPrevious copyright fee: GBP27.00$c29\0$e01-jan-2018$fGBP27.00$g0$hP$5Uk
=ACF  \\$aPrevious copyright fee: GBP28.00$c29\0$e01-jan-2019$fGBP28.00$g0$hP$5Uk
=ACF  \\$aPrevious Copyright Fee: GBP20.00$c29\0$e01-jan-2020$fGBP20.00$g0$hP$5Uk
=CAT  \\$a8141$b40$c20051211$lBLL01$h1308
=CAT  \\$aBLDSS-3PM$b00$c20141208$lBLL01$h1625
=CAT  \\$aIPL-CLA$c20141231$lBLL01$h1653
=CAT  \\$aBATCH-UPD$b00$c20151119$lBLL01$h1551
=CAT  \\$aIPL-CLA$c20151231$lBLL01$h1923
=CAT  \\$aBATCH-UPD$b00$c20160524$lBLL01$h2210
=CAT  \\$aBATCH-UPD$b00$c20160525$lBLL01$h0022
=CAT  \\$aBATCH-UPD$b00$c20161122$lBLL01$h1521
=CAT  \\$aIPL-CLA$c20161230$lBLL01$h2150
=CAT  \\$aBATCH-UPD$b00$c20171121$lBLL01$h1703
=CAT  \\$aW1711-1005$c20171206$lBLL01$h1818
=CAT  \\$aIPL-CLA$c20171231$lBLL01$h1649
=CAT  \\$aBATCH-UPD$b00$c20181217$lBLL01$h1652
=CAT  \\$aIPL-CLA$c20181231$lBLL01$h1543
=CAT  \\$aW1910-0530$c20191007$lBLL01$h1114
=CAT  \\$aR1911-1518$c20191206$lBLL01$h1419
=CAT  \\$aIPL-CLA$c20191231$lBLL01$h1937
=CAT  \\$aBATCH-UPD$b00$c20220308$lBLL01$h1734
=CAT  \\$aIPL-CLA$c20220331$lBLL01$h1952
=CAT  \\$a12654$b40$c20230223$lBLL01$h0808
=CAT  \\$a12654$b40$c20230223$lBLL01$h0809
=CAT  \\$aS2302-1302$c20230322$lBLL01$h1708
=CAT  \\$aS2302-1302$c20230323$lBLL01$h1443
=CAT  \\$aIPL-CLA$c20230331$lBLL01$h1547
=CAT  \\$aS2304-0519$c20230412$lBLL01$h1139
=CAT  \\$aBATCH-SUPP$c20230426$lBLL01$h1108
=CFI  0\$aCurrent Copyright Fee: GBP32.00$c29\0$e01-apr-2023$fGBP32.00$g0$hP$5Uk
=CFI  2\$aPrevious copyright fee: GBP22.00$c29\0$e01-apr-2022$fGBP22.00$g0$hP$5Uk
=EST  \\$a1
=FFP  \\$aY$bBLDSS-3PM
=FIN  \\$aY$d20051211
=FMT  \\$a  SE
=LAS  \\$aBATCH-SUPP$b00$c20230426$lBLL01$h1108
=LKR  \\$aPAR$b010490798$lBLL01$nJournal of medicine and philosophy (Print)$mJournal of medicine and philosophy (Online)$r776
=MNI  \\$a0360-5310
=SID  \\$aZ39$bOCLC
=TCO  \\$aNLD$bSTICHTING REPRORECHT$c008
=TCO  \\$aTRS$bCCC$c008
=TOC  \\$aETOC
=UNO  \\$aY

