=LDR  05752cas a2201321 a 4500
=001  013361085
=003  Uk
=005  20230426110849.0
=006  m\\\\f\\\d\\\\\\\\
=007  cr\un|||||||||
=008  000802c19989999enkbx\pss\\\\\0\\\a0eng\d
=010  \\$a00242269
=015  \\$aGBA606932$2bnb
=022  0\$a1460-2709$y1369-3786$202
=037  \\$aISSN_13693786_98$bPortico$nInforma Healthcare
=037  3\$aISSN_13693786_4$bPortico$nOxford University Press
=040  \\$aJNA$cJNA$dMYG$dOCLCQ$dMXC$dOCLCQ$dOCL$dEEM$dUk
=042  \\$aissnuk$aukblsr
=050  14$aRC117
=050  14$aQR245
=082  04$a616.969005$222
=130  0\$aMedical mycology (Online)
=210  0\$aMed. mycol.$b(Oxf., Online)
=222  \0$aMedical mycology$b(Oxford. Online)
=245  10$aMedical mycology$h[electronic resource].
=260  \\$a[Oxford] :$bBlackwell Science
=260  2\$a[Abingdon] :$bTaylor & Francis
=260  2\$aOxford :$bBios Scientific Publishers
=260  2\$3-2013$a[London] :$bInforma Healthcare
=264  31$32014-$aOxford :$bOxford University Press
=310  \\$a8 no. a year,$b2005-
=321  \\$aBimonthly,$b1998-2004
=336  \\$atext$2rdacontent
=337  \\$acomputer$2rdamedia
=338  \\$aonline resource$2rdacarrier
=362  1\$aPrint began with vol. 36, no. 1 (Feb. 1998).
=525  \\$aSupplements accompany some volumes.
=530  \\$aAlso issued in print.
=540  \\$aCurrent Copyright Fee: GBP32.00$c29\0$5Uk
=550  \\$aOfficial publication of the International Society for Human and Animal Mycology.
=580  \\$aIncludes issues of earlier title: Journal of medical and veterinary mycology.
=588  \\$aDescription based on: Vol. 37, issue 1 (Jan. 1999); title from table of contents page (viewed Oct. 20, 2000).
=588  \\$aLatest issue consulted: volume 51, issue 8 (November 2013) (Oxford Journals website, viewed January 20, 2014).
=650  \0$aMedical mycology$vPeriodicals.
=650  \0$aVeterinary mycology$vPeriodicals.
=650  \0$aMycology$vPeriodicals.
=650  \0$aMycoses$vPeriodicals.
=650  \0$aPathogenic fungi$vPeriodicals.
=710  2\$aInternational Society for Human and Animal Mycology.
=776  1\$tMedical mycology$x1369-3786
=780  00$tJournal of medical and veterinary mycology (Online)$x1365-280X
=852  41$aBritish Library$bSTI$jELD Digital store$3Volume 51:Number 3(2013)-***Previous issues available in print copy
=852  41$aBritish Library$bDSC$j5530.168000$3Volume 36:Issue 1(1998)-Volume 49:Issue 8(2011)***See ESTAR for full holdings.
=856  \\$31850-9999$uhttp://ukcatalogue.oup.com/$xBLDSS
=856  40$uhttp://mmy.oxfordjournals.org/
=859  \\$aXLD$bejournal$cSFX
=859  \\$aELD$bejournal
=945  \\$aMEDICAL MYCOLOGY
=959  \\$fCurrently available
=979  \\$aBritish Library$bDSC$j5530.168000
=ACF  \\$aPrevious copyright fee: GBP19.00$c2\0$e01-apr-2008$fGBP19.00$g0$hP$5Uk
=ACF  \\$aPrevious Copyright Fee: GBP20.00$c2\0$e01-jan-2007$fGBP20.00$g0$hP$5Uk
=ACF  \\$aPrevious Copyright Fee: GBP18.00$c0$e01-oct-2005$fGBP18.00$g0$hC$5Uk
=ACF  \\$aCurrent copyright fee: GBP20.00$c2\0$e01-jan-2009$fGBP20.00$g0$hP$5Uk
=ACF  \\$aPrevious copyright fee: GBP29.00$c45\0$e10-nov-2009$fGBP29.00$g0$hP$5Uk
=ACF  \\$aPrevious copyright fee: GBP20.00$c29\0$e01-jan-2014$fGBP20.00$g0$hP$5Uk
=ACF  \\$aPrevious copyright fee: GBP23.00$c29\0$e01-jan-2015$fGBP23.00$g0$hP$5Uk
=ACF  \\$aPrevious copyright fee: GBP24.00$c29\0$e01-jan-2016$fGBP24.00$g0$hP$5Uk
=ACF  \\$aPrevious copyright fee: GBP26.00$c29\0$e01-jan-2017$fGBP26.00$g0$hP$5Uk
=ACF  \\$aPrevious copyright fee: GBP27.00$c29\0$e01-jan-2018$fGBP27.00$g0$hP$5Uk
=ACF  \\$aPrevious copyright fee: GBP28.00$c29\0$e01-jan-2019$fGBP28.00$g0$hP$5Uk
=ACF  \\$aPrevious Copyright Fee: GBP20.00$c29\0$e01-jan-2020$fGBP20.00$g0$hP$5Uk
=CAT  \\$a7332$b40$c20051214$lBLL01$h1110
=CAT  \\$aBLDSS-3PM$b00$c20141208$lBLL01$h1625
=CAT  \\$aIPL-CLA$c20141231$lBLL01$h1653
=CAT  \\$aBATCH-UPD$b00$c20151119$lBLL01$h1551
=CAT  \\$aIPL-CLA$c20151231$lBLL01$h1923
=CAT  \\$aBATCH-UPD$b00$c20160530$lBLL01$h0004
=CAT  \\$aBATCH-UPD$b00$c20161122$lBLL01$h1521
=CAT  \\$a10806$b40$c20161128$lBLL01$h1142
=CAT  \\$aIPL-CLA$c20161230$lBLL01$h2150
=CAT  \\$aBATCH-UPD$b00$c20171121$lBLL01$h1703
=CAT  \\$aW1711-1005$c20171206$lBLL01$h1818
=CAT  \\$aIPL-CLA$c20171231$lBLL01$h1650
=CAT  \\$a11033$b40$c20180222$lBLL01$h1629
=CAT  \\$aBATCH-UPD$b40$c20181217$lBLL01$h1652
=CAT  \\$aIPL-CLA$c20181231$lBLL01$h1543
=CAT  \\$a15005$b40$c20191015$lBLL01$h1354
=CAT  \\$aR1911-1518$c20191206$lBLL01$h1419
=CAT  \\$aIPL-CLA$c20191231$lBLL01$h1937
=CAT  \\$aBATCH-UPD$b00$c20220308$lBLL01$h1734
=CAT  \\$aIPL-CLA$c20220331$lBLL01$h1952
=CAT  \\$a12654$b40$c20230228$lBLL01$h0750
=CAT  \\$aS2302-1302$c20230322$lBLL01$h1708
=CAT  \\$aS2302-1302$c20230323$lBLL01$h1443
=CAT  \\$aIPL-CLA$c20230331$lBLL01$h1547
=CAT  \\$aS2304-0519$c20230412$lBLL01$h1139
=CAT  \\$aBATCH-SUPP$c20230426$lBLL01$h1108
=CFI  0\$aCurrent Copyright Fee: GBP32.00$c29\0$e01-apr-2023$fGBP32.00$g0$hP$5Uk
=CFI  2\$aPrevious copyright fee: GBP22.00$c29\0$e01-apr-2022$fGBP22.00$g0$hP$5Uk
=EST  \\$a1
=FFP  \\$aY$bBLDSS-3PM
=FIN  \\$aY$d20051214
=FMT  \\$a  SE
=LAS  \\$aBATCH-SUPP$b00$c20230426$lBLL01$h1108
=LEO  \\$aMP22.0000056239
=LET  \0$aMedical mycology (Online)
=MNI  \\$a1369-3786
=SID  \\$aZ39$bOCLC
=SRC  \\$aISN01$bbibmp22.200404.2.aa
=TCO  \\$aCLA$bCLA$c008
=TOC  \\$aETOC
=UNO  \\$aY

