=LDR  05407cas a2201189 a 4500
=001  013361610
=003  Uk
=005  20230426110849.0
=006  m\\\\\\\\d\\\\\\\\
=007  cr\mnu||||||||
=008  000225c19959999xxutr\p\o\\\\\0\\\a0eng\d
=010  \\$a2005214412
=015  \\$aGBA607028$2bnb
=022  0\$a1744-4195$y1380-3603
=037  \\$a???$bTaylor and Francis, Inc., 325 Chestnut Street, Ste. 800, Philadelphia, Pa. 19106
=037  2\$acb$bOxford University Press
=037  3\$aISSN_13803606$bPortico$nOxford University Press
=040  \\$aF#A$cF#A$dOCLCQ$dOCL$dNSD$dOCLCQ$dUk
=042  \\$ansdp$aukblsr
=082  04$a174$222
=130  0\$aChristian bioethics (Online)
=222  \0$aChristian bioethics$b(Online)
=245  10$aChristian bioethics$h[electronic resource] :$bnon-ecumenical studies in medical morality.
=260  \\$a[Lisse, the Netherlands] :$bSwets & Zeitlinger Pub.
=260  2\$32005-$aAbingdon :$bTaylor & Francis
=264  31$3<2013- >$aCary, NC :$bOxford University Press
=310  \\$aThree times a year
=336  \\$atext$2rdacontent
=337  \\$acomputer$2rdamedia
=338  \\$aonline resource$2rdacarrier
=362  1\$aPrint began with vol. 1, no. 1 (Mar. 1995).
=540  \\$aCurrent Copyright Fee: GBP33.00$c29\0$5Uk
=550  \\$aPublished on behalf of the Journal of Christian Bioethics Inc.
=588  \\$aDescription based on: Vol. 5, no. 1 (1999); title from journal information screen (viewed Feb. 21, 2000).
=588  \\$aLatest issue consulted: volume 19, number 3 (December 2013) (Oxford Journals, viewed January 29, 2014).
=650  \0$aMedical ethics$vPeriodicals.
=650  \0$aChristian ethics$vPeriodicals.
=650  \0$aMedicine$xReligious aspects$xChristianity$vPeriodicals.
=710  2\$aJournal of Christian Bioethics Inc.,$eissuing body.
=776  08$iAlso issued in print as:$tChristian bioethics$x1380-3603
=852  41$aBritish Library$bHMNTS$jELD Digital store$3Volume 20:Number 1(2014:Apr.)-***Previous issues available in print copy
=852  41$aBritish Library$bDSC$j3181.779645$3Volume 12:Issue 1(2006)-Volume 17:Issue 3(2011)***See ESTAR for full holdings.
=856  \\$31850-9999$uhttp://ukcatalogue.oup.com/$xBLDSS
=856  4\$uhttp://www.tandf.co.uk/journals/titles/13803603.asp
=856  40$uhttp://cb.oxfordjournals.org
=859  \\$aXLD$bejournal$cSFX
=859  \\$aELD$bejournal
=945  \\$aChristian bioethics
=959  \\$fCurrently available
=979  \\$aBritish Library$bDSC$j3181.779645
=985  \\$aISSN note responsibility held by United States. 19/01/12.
=ACF  \\$aCurrent copyright fee: GBP15.00$c2\0$e01-apr-2008$fGBP15.00$g0$hP$5Uk
=ACF  \\$aPrevious copyright fee: GBP16.00$c2\0$e01-jan-2007$fGBP16.00$g0$hP$5Uk
=ACF  \\$aPrevious Copyright Fee: GBP13.00$c2\0$e01-apr-2005$fGBP13.00$g0$hP$5Uk
=ACF  \\$aPrevious copyright fee: GBP18.00$c29\0$e14-nov-2008$fGBP18.00$g0$hP$5Uk
=ACF  \\$aPrevious copyright fee: GBP14.00$c29\0$e01-jan-2010$fGBP14.00$g0$hP$5Uk
=ACF  \\$aPrevious copyright fee: GBP20.00$c29\0$e01-jan-2013$fGBP20.00$g0$hP$5Uk
=ACF  \\$aPrevious copyright fee: GBP23.00$c29\0$e01-jan-2015$fGBP23.00$g0$hP$5Uk
=ACF  \\$aPrevious copyright fee: GBP24.00$c29\0$e01-jan-2016$fGBP24.00$g0$hP$5Uk
=ACF  \\$aPrevious copyright fee: GBP26.00$c29\0$e01-jan-2017$fGBP26.00$g0$hP$5Uk
=ACF  \\$aPrevious copyright fee: GBP27.00$c29\0$e01-jan-2018$fGBP27.00$g0$hP$5Uk
=ACF  \\$aPrevious copyright fee: GBP28.00$c29\0$e01-jan-2019$fGBP28.00$g0$hP$5Uk
=ACF  \\$aPrevious Copyright Fee: GBP20.00$c29\0$e01-jan-2020$fGBP20.00$g0$hP$5Uk
=CAT  \\$a3072$b40$c20051214$lBLL01$h1600
=CAT  \\$aBATCH-UPD$b00$c20151119$lBLL01$h1551
=CAT  \\$aIPL-CLA$c20151231$lBLL01$h1923
=CAT  \\$aBATCH-UPD$b00$c20160524$lBLL01$h2210
=CAT  \\$aBATCH-UPD$b00$c20160525$lBLL01$h0022
=CAT  \\$aBATCH-UPD$b00$c20161122$lBLL01$h1521
=CAT  \\$aIPL-CLA$c20161230$lBLL01$h2150
=CAT  \\$aBATCH-UPD$b00$c20171121$lBLL01$h1703
=CAT  \\$aW1711-1005$c20171206$lBLL01$h1818
=CAT  \\$aIPL-CLA$c20171231$lBLL01$h1650
=CAT  \\$aBATCH-UPD$b00$c20180406$lBLL01$h1443
=CAT  \\$a8871$b40$c20180410$lBLL01$h0815
=CAT  \\$aBATCH-UPD$b40$c20181217$lBLL01$h1652
=CAT  \\$aIPL-CLA$c20181231$lBLL01$h1543
=CAT  \\$a15005$b40$c20191008$lBLL01$h1437
=CAT  \\$aR1911-1518$c20191206$lBLL01$h1419
=CAT  \\$aIPL-CLA$c20191231$lBLL01$h1937
=CAT  \\$aBATCH-UPD$b00$c20220308$lBLL01$h1734
=CAT  \\$aIPL-CLA$c20220331$lBLL01$h1952
=CAT  \\$a12654$b40$c20230123$lBLL01$h1445
=CAT  \\$aS2302-1302$c20230322$lBLL01$h1707
=CAT  \\$aS2302-1302$c20230322$lBLL01$h1708
=CAT  \\$aS2302-1302$c20230323$lBLL01$h1443
=CAT  \\$aIPL-CLA$c20230331$lBLL01$h1547
=CAT  \\$aS2304-0519$c20230412$lBLL01$h1139
=CAT  \\$aBATCH-SUPP$c20230426$lBLL01$h1108
=CFI  0\$aCurrent Copyright Fee: GBP33.00$c29\0$e01-apr-2023$fGBP33.00$g0$hP$5Uk
=CFI  2\$aPrevious copyright fee: GBP22.00$c29\0$e01-apr-2022$fGBP22.00$g0$hP$5Uk
=EST  \\$a1
=FFP  \\$aY$bBLDSS-3PM
=FIN  \\$aY$d20051214
=FMT  \\$a  SE
=LAS  \\$aBATCH-SUPP$b00$c20230426$lBLL01$h1108
=MNI  \\$a1380-3603
=SID  \\$aZ39$bOCLC
=TCO  \\$aCLA$bCLA$c008
=TCO  \\$aTRS$bCCC$c008
=TOC  \\$aETOC
=UNO  \\$aY

