=LDR  04423cas a2201033 a 4500
=001  013415974
=003  Uk
=005  20230426110851.0
=006  m\\\\\\\\d\|\\\\\\
=007  cr||||||||||||
=008  060301c20069999enkqr\p\o\\\\\0\\\a0eng\\
=015  \\$aGBA995853$2bnb
=022  0\$a1750-7227$y1750-7219$202
=037  \\$acmlj$bOxford University Press
=037  3\$aISSN_17507219$bPortico$nOxford University Press
=040  \\$aUk$beng$cUk$dUk
=042  \\$aissnuk$aukblsr
=082  04$a343.0305$222
=130  0\$aCapital markets law journal (Online)
=222  \0$aCapital markets law journal$b(Online)
=245  10$aCapital markets law journal$h[electronic resource].
=246  13$aCMLJ
=260  \\$aOxford :$bOxford University Press,$c2006-
=310  \\$aQuarterly
=336  \\$atext$2rdacontent
=337  \\$acomputer$2rdamedia
=338  \\$aonline resource$2rdacarrier
=362  0\$aVol. 1, no. 1 (July 2006)-
=540  \\$aCurrent Copyright Fee: GBP42.00$c29\0$5Uk
=588  \\$aTitle from contents screen (Oxford Journals, viewed on Sept. 30, 2009).
=588  \\$aLatest issue consulted: vol. 9, no. 1 (January 2014) (Oxford Journals, viewed January 29, 2014).
=650  \0$aCapital market$xLaw and legislation$vPeriodicals.
=690  7\$aManagement and Business Studies$2blcoll
=776  08$iAlso issued in print as:$tCapital markets law journal$x1750-7219
=852  41$aBritish Library$bDSC$j3050.669120$3Volume 2:Issue 4(2007)-Volume 6:Issue 4(2011)***See ESTAR for full holdings.
=852  41$aBritish Library$bHMNTS$jELD Digital store$3Volume 9:Number 1(2014)-***Previous issues available in print copy
=856  \\$31850-9999$uhttp://ukcatalogue.oup.com/$xBLDSS
=856  40$uhttp://cmlj.oxfordjournals.org
=859  \\$aXLD$bejournal$cSFX
=859  \\$aELD$bejournal
=945  \\$aCapital markets law journal
=959  \\$fCurrently available
=979  \\$aBritish Library$bDSC$j3050.669120
=ACF  \\$aPrevious Copyright Fee: GBP16.00$c29\0$e01-jan-2007$fGBP16.00$g0$hP$5Uk
=ACF  \\$aCurrent copyright fee: GBP18.00$c29\0$e01-jan-2008$fGBP18.00$g0$hP$5Uk
=ACF  \\$aPrevious copyright fee: GBP25.00$c29\0$e24-apr-2009$fGBP25.00$g0$hP$5Uk
=ACF  \\$aPrevious copyright fee: GBP35.00$c29\0$e01-jan-2015$fGBP35.00$g0$hP$5Uk
=ACF  \\$aPrevious copyright fee: GBP30.00$c29\0$e01-jan-2013$fGBP30.00$g0$hP$5Uk
=ACF  \\$aPrevious copyright fee: GBP41.00$c29\0$e11-jan-2019$fGBP41.00$g0$hP$5Uk
=ACF  \\$aPrevious Copyright Fee: GBP29.00$c29\0$e01-jan-2020$fGBP29.00$g0$hP$5Uk
=CAT  \\$a6537$b40$c20060301$lBLL01$h1016
=CAT  \\$aBATCH-UPD$b00$c20121212$lBLL01$h1938
=CAT  \\$aIPL-CLA$c20121231$lBLL01$h1319
=CAT  \\$aIPL-CLA$c20130102$lBLL01$h1744
=CAT  \\$a10983$b40$c20131129$lBLL01$h0848
=CAT  \\$a8323$b40$c20140129$lBLL01$h0810
=CAT  \\$a8323$b40$c20140129$lBLL01$h0813
=CAT  \\$a5552$b40$c20141029$lBLL01$h1108
=CAT  \\$aBLDSS-3PM$b00$c20141208$lBLL01$h1625
=CAT  \\$aIPL-CLA$c20141231$lBLL01$h1654
=CAT  \\$aBATCH-UPD$b00$c20160524$lBLL01$h2210
=CAT  \\$aBATCH-UPD$b00$c20160525$lBLL01$h0023
=CAT  \\$aW1711-1005$c20171206$lBLL01$h1819
=CAT  \\$a5552$b40$c20190111$lBLL01$h1234
=CAT  \\$aW1910-0530$c20191007$lBLL01$h1114
=CAT  \\$aR1911-1518$c20191206$lBLL01$h1405
=CAT  \\$aIPL-CLA$c20191231$lBLL01$h1938
=CAT  \\$aBATCH-UPD$b00$c20220308$lBLL01$h1727
=CAT  \\$aIPL-CLA$c20220331$lBLL01$h1952
=CAT  \\$a12654$b40$c20230123$lBLL01$h1207
=CAT  \\$aS2302-1302$c20230322$lBLL01$h1707
=CAT  \\$aS2302-1302$c20230322$lBLL01$h1708
=CAT  \\$aS2302-1302$c20230323$lBLL01$h1443
=CAT  \\$aIPL-CLA$c20230331$lBLL01$h1547
=CAT  \\$aS2304-0519$c20230412$lBLL01$h1139
=CAT  \\$aBATCH-SUPP$c20230426$lBLL01$h1108
=CFI  0\$aCurrent Copyright Fee: GBP42.00$c29\0$e01-apr-2023$fGBP42.00$g0$hP$5Uk
=CFI  2\$aPrevious copyright fee: GBP32.00$c29\0$e01-apr-2022$fGBP32.00$g0$hP$5Uk
=EST  \\$a1
=FFP  \\$aY$bBLDSS-3PM
=FIN  \\$aY$d20061027
=FMT  \\$a  SE
=LAS  \\$aBATCH-SUPP$b00$c20230426$lBLL01$h1108
=LET  \0$aCapital markets law journal (Online)
=LKR  \\$aPAR$b013415973$lBLL01$nCapital markets law journal (Print)$mCapital markets law journal (Online)$r776
=MNI  \\$a1750-7219
=TCO  \\$aCLA$bCLA$c008
=TOC  \\$aETOC
=UNO  \\$aY

