=LDR  04570cas a2201057 a 4500
=001  013425721
=003  Uk
=005  20230426110852.0
=006  m\\\\\\\\d\|\\\\\\
=007  cr||||||||||||
=008  060314c20069999enkqr\p\s\\\\\0\\\a0eng\\
=015  \\$aGBA968314$2bnb
=022  0\$a1750-8924$202
=037  \\$acjip$bOxford University Press
=037  3\$aISSN_17508916$bPortico$nOxford University Press
=040  \\$aUk$beng$cUk$dUK
=042  \\$aissnuk$aukblsr
=082  04$a327.51$222
=130  0\$aChinese journal of international politics (Online)
=222  \4$aThe Chinese journal of international politics$b(Online)
=245  14$aThe Chinese journal of international politics$h[electronic resource].
=260  \\$aOxford :$bOxford University Press,$c2006-
=310  \\$aQuarterly
=336  \\$atext$2rdacontent
=337  \\$acomputer$2rdamedia
=338  \\$aonline resource$2rdacarrier
=362  0\$aVol. 1, no. 1 (summer 2006)-
=500  \\$aTitle from contents screen (Oxford Journals, viewed on July 9, 2009).
=540  \\$aCurrent Copyright Fee: GBP33.00$c29\0$5Uk
=588  \\$aLatest issue consulted: volume 6, number 4 (winter 2013) (Oxford journals, viewed January 23, 2014).
=650  \0$aInternational relations$vPeriodicals.
=650  \0$aGlobalization$zChina$vPeriodicals.
=650  \0$aWorld politics$vPeriodicals.
=651  \0$aChina$xForeign relations$vPeriodicals.
=651  \0$aChina$xPolitics and government$vPeriodicals.
=776  0\$tChinese journal of international politics$x1750-8916
=852  41$aBritish Library$bDSC$j3180.363000$3Volume 1:Issue 4(2007)-Volume 4:Issue 4(2011)***See ESTAR for full holdings.
=852  41$aBritish Library$bHMNTS$jELD Digital store$3Volume 7:Number 1(2014:Spring)-
=856  \\$31850-9999$uhttp://ukcatalogue.oup.com/$xBLDSS
=856  40$uhttp://cjip.oxfordjournals.org/
=859  \\$aXLD$bejournal$cSFX
=859  \\$aELD$bejournal
=945  \\$aChinese journal of international politics
=959  \\$fCurrently available
=979  \\$aBritish Library$bDSC$a3180.363000
=ACF  \\$aPrevious Copyright Fee: GBP16.00$c29\0$e03-nov-2006$fGBP16.00$g0$hP$5Uk
=ACF  \\$aPrevious copyright fee: GBP18.00$c29\0$e11-mar-2009$fGBP18.00$g0$hP$5Uk
=ACF  \\$aPrevious copyright fee: GBP20.00$c29\0$e01-jan-2013$fGBP20.00$g0$hP$5Uk
=ACF  \\$aPrevious copyright fee: GBP23.00$c29\0$e01-jan-2015$fGBP23.00$g0$hP$5Uk
=ACF  \\$aPrevious copyright fee: GBP24.00$c29\0$e01-jan-2016$fGBP24.00$g0$hP$5Uk
=ACF  \\$aPrevious copyright fee: GBP26.00$c29\0$e01-jan-2017$fGBP26.00$g0$hP$5Uk
=ACF  \\$aPrevious copyright fee: GBP27.00$c29\0$e01-jan-2018$fGBP27.00$g0$hP$5Uk
=ACF  \\$aPrevious copyright fee: GBP28.00$c29\0$e01-jan-2019$fGBP28.00$g0$hP$5Uk
=ACF  \\$aPrevious Copyright Fee: GBP20.00$c29\0$e01-jan-2020$fGBP20.00$g0$hP$5Uk
=CAT  \\$a11313$b40$c20060314$lBLL01$h1433
=CAT  \\$aIPL-CLA$c20141231$lBLL01$h1654
=CAT  \\$aBATCH-UPD$b00$c20151119$lBLL01$h1551
=CAT  \\$aIPL-CLA$c20151231$lBLL01$h1924
=CAT  \\$aBATCH-UPD$b00$c20160524$lBLL01$h2210
=CAT  \\$aBATCH-UPD$b00$c20160525$lBLL01$h0023
=CAT  \\$aBATCH-UPD$b00$c20161122$lBLL01$h1521
=CAT  \\$aIPL-CLA$c20161230$lBLL01$h2154
=CAT  \\$aBATCH-UPD$b00$c20171121$lBLL01$h1704
=CAT  \\$aW1711-1005$c20171206$lBLL01$h1819
=CAT  \\$aIPL-CLA$c20171231$lBLL01$h1653
=CAT  \\$aBATCH-UPD$b00$c20181217$lBLL01$h1652
=CAT  \\$aIPL-CLA$c20181231$lBLL01$h1544
=CAT  \\$aW1910-0530$c20191007$lBLL01$h1114
=CAT  \\$aR1911-1518$c20191206$lBLL01$h1419
=CAT  \\$aIPL-CLA$c20191231$lBLL01$h1938
=CAT  \\$aBATCH-UPD$b00$c20220308$lBLL01$h1734
=CAT  \\$aIPL-CLA$c20220331$lBLL01$h1952
=CAT  \\$a12654$b40$c20230123$lBLL01$h1435
=CAT  \\$a12654$b40$c20230123$lBLL01$h1436
=CAT  \\$aS2302-1302$c20230322$lBLL01$h1707
=CAT  \\$aS2302-1302$c20230322$lBLL01$h1708
=CAT  \\$aS2302-1302$c20230323$lBLL01$h1443
=CAT  \\$aIPL-CLA$c20230331$lBLL01$h1547
=CAT  \\$aS2304-0519$c20230412$lBLL01$h1139
=CAT  \\$aBATCH-SUPP$c20230426$lBLL01$h1108
=CFI  0\$aCurrent Copyright Fee: GBP33.00$c29\0$e01-apr-2023$fGBP33.00$g0$hP$5Uk
=CFI  2\$aPrevious copyright fee: GBP22.00$c29\0$e01-apr-2022$fGBP22.00$g0$hP$5Uk
=EST  \\$a1
=FFP  \\$aY$bBLDSS-3PM
=FIN  \\$aY$d20061017
=FMT  \\$a  SE
=LAS  \\$aBATCH-SUPP$b00$c20230426$lBLL01$h1108
=MNI  \\$a1750-8916
=TCO  \\$aCLA$bCLA$c008
=TOC  \\$aETOC
=UNO  \\$aY

