=LDR  05646cas a2201297 a 4500
=001  013466562
=003  Uk
=005  20230426110854.0
=006  m\\\\\o\\d\\\\\\\\
=007  cr\un|||||||||
=008  050614c19949999enkbr\pso\\\\\0\\\a0eng\c
=010  \\$a2007242080
=015  \\$aGBB3B4784$2bnb
=022  0\$a1708-8305$202
=030  \\$aJTRMFK
=035  \\$a(OCoLC)60619189$z(OCoLC)52282768
=037  \\$aISSN_11951982$bPortico$nWiley
=037  2\$aJTM$bOxford University Press
=037  3\$aISSN_11951982_4$bPortico$nOxford University Press
=040  \\$aOCLCS$beng$cOCLCS$dTXU$dMYG$dOCL$dUQ1$dOCLCQ$dOCLCO$dUk
=042  \\$aissnuk$aukblsr
=050  14$aRA643$b.J68
=060  \4$aW1$bJO966PW
=082  04$a613.6805$223
=130  0\$aJournal of travel medicine (Online)
=222  \0$aJournal of travel medicine$b(Online)
=245  10$aJournal of travel medicine$h[electronic resource].
=260  \\$aHamilton, Ont. :$bDecker Periodicals,$c1994-
=264  21$a[United Kingdom] :$bBlackwell Publishing
=264  21$a[United States] :$bWiley
=264  31$32016-$a[Oxford] :$bOxford University Press
=310  \\$aBimonthly,$b2000-
=321  \\$aQuarterly,$b1994-1999
=336  \\$atext$2rdacontent
=337  \\$acomputer$2rdamedia
=338  \\$aonline resource$2rdacarrier
=362  0\$aVol. 1, no. 1 (Mar. 1994)-
=500  \\$aTitle from title screen (Blackwell-Synergy, viewed Feb. 28, 2007).
=500  \\$aTables.
=538  \\$aMode of access: World Wide Web.
=540  \\$aCurrent Copyright Fee: GBP33.00$c29\0$5Uk
=550  \\$aAt head of title: Official publication of the International Society of Travel Medicine and the Asia Pacific Travel Health Association.
=588  \\$aLatest issue consulted: Volume 23, issue 1 (January 2016) (Oxford Journals, viewed February 23, 2016).
=650  \0$aCommunicable diseases$xPrevention$vPeriodicals.
=650  \0$aMedicine, Preventive$vPeriodicals.
=650  \0$aTravel$vPeriodicals.
=710  2\$aInternational Society of Travel Medicine.
=710  2\$aAsia Pacific Travel Health Association.
=776  08$iPrint version, -2015:$tJournal of travel medicine$x1195-1982
=852  41$aBritish Library$bHMNTS$jELD Digital store$3Volume 20:Issue 1(2013)-
=852  \\$aBritish Library$bDSC$j5070.547000$3Volume 13:Issue 1(2006)-Volume 21:Issue 6(2014)***See ESTAR for full holdings.
=856  \\$31850-9999$uhttp://onlinelibrary.wiley.com/$xBLDSS
=856  40$uhttp://onlinelibrary.wiley.com/journal/10.1111/(ISSN)1708-8305
=856  40$uhttp://www.bcdecker.com/aiDetails.aspx?aiiID=11
=856  40$uhttp://www.blackwell-synergy.com/loi/jtm
=856  40$uhttp://jtm.oxfordjournals.org/
=859  \\$aXLD$bejournal$cSFX
=859  \\$aELD$bejournal
=945  \\$aJournal of travel medicine
=959  \\$fCurrently available
=979  \\$aBritish Library$bDSC$j5070.547000
=985  \\$aISSN responsibility transferred from ISSN Canada, 17/07/15.
=ACF  \\$aPrevious Copyright Fee: GBP16.00$c10\0$e11-may-2006$fGBP16.00$g0$hP$5Uk
=ACF  \\$aPrevious copyright fee: GBP17.00$c10\0$e01-jan-2009$fGBP17.00$g0$hP$5Uk
=ACF  \\$aPrevious copyright fee: GBP24.00$c10\0$e01-mar-2015$fGBP24.00$g0$hP$5Uk
=ACF  \\$aPrevious copyright fee: GBP22.00$c10\0$e01-jan-2011$fGBP22.00$g0$hP$5Uk
=ACF  \\$aPrevious copyright fee: GBP24.00$c29\0$e24-feb-2016$fGBP24.00$g0$hP$5Uk
=ACF  \\$aPrevious copyright fee: GBP26.00$c29\0$e01-jan-2017$fGBP26.00$g0$hP$5Uk
=ACF  \\$aPrevious copyright fee: GBP27.00$c29\0$e01-jan-2018$fGBP27.00$g0$hP$5Uk
=ACF  \\$aPrevious copyright fee: GBP28.00$c29\0$e01-jan-2019$fGBP28.00$g0$hP$5Uk
=ACF  \\$aPrevious Copyright Fee: GBP20.00$c29\0$e01-jan-2020$fGBP20.00$g0$hP$5Uk
=CAT  \\$a7174$b40$c20060511$lBLL01$h1328
=CAT  \\$a10806$b40$c20160223$lBLL01$h1203
=CAT  \\$a5552$b40$c20160224$lBLL01$h1046
=CAT  \\$a14448$b40$c20160224$lBLL01$h1434
=CAT  \\$a10983$b40$c20160302$lBLL01$h1325
=CAT  \\$a8311$b40$c20160311$lBLL01$h1450
=CAT  \\$aBATCH-UPD$b40$c20160606$lBLL01$h0404
=CAT  \\$aBATCH-UPD$b40$c20161122$lBLL01$h1521
=CAT  \\$aIPL-CLA$c20161230$lBLL01$h2157
=CAT  \\$aBATCH-UPD$b00$c20171121$lBLL01$h1704
=CAT  \\$aW1711-1005$c20171206$lBLL01$h1819
=CAT  \\$aIPL-CLA$c20171231$lBLL01$h1654
=CAT  \\$aBATCH-UPD$b00$c20181217$lBLL01$h1652
=CAT  \\$aIPL-CLA$c20181231$lBLL01$h1544
=CAT  \\$a15005$b40$c20191014$lBLL01$h1056
=CAT  \\$aR1911-1518$c20191206$lBLL01$h1419
=CAT  \\$aIPL-CLA$c20191231$lBLL01$h1939
=CAT  \\$aBATCH-UPD$b00$c20220308$lBLL01$h1734
=CAT  \\$aIPL-CLA$c20220331$lBLL01$h1952
=CAT  \\$a12654$b40$c20230223$lBLL01$h1145
=CAT  \\$a12654$b40$c20230223$lBLL01$h1205
=CAT  \\$aS2302-1302$c20230322$lBLL01$h1708
=CAT  \\$aS2302-1302$c20230323$lBLL01$h1443
=CAT  \\$aIPL-CLA$c20230331$lBLL01$h1547
=CAT  \\$aS2304-0519$c20230412$lBLL01$h1139
=CAT  \\$aBATCH-SUPP$c20230426$lBLL01$h1108
=CFI  0\$aCurrent Copyright Fee: GBP33.00$c29\0$e01-apr-2023$fGBP33.00$g0$hP$5Uk
=CFI  2\$aPrevious copyright fee: GBP22.00$c29\0$e01-apr-2022$fGBP22.00$g0$hP$5Uk
=EST  \\$a1
=FFP  \\$aY$bBLDSS-3PM
=FIN  \\$aY$d20130529
=FMT  \\$a  SE
=LAS  \\$aBATCH-SUPP$b00$c20230426$lBLL01$h1108
=LET  \0$aJournal of travel medicine (Electronic)
=LKR  \\$aPAR$b009569337$lBLL01$r776$mJournal of travel medicine (Online)$nJournal of travel medicine (Print)
=MNI  \\$a1195-1982
=SID  \\$aZ39$bOCLC
=TCO  \\$aCAN$bAccess$c008
=TOC  \\$aETOC
=UNO  \\$aY

