=LDR  05106cas a2201129 a 4500
=001  013526017
=003  Uk
=005  20230426110859.0
=006  m\\\\\\\\d\\\\\\\\
=007  cr\|||||||||||
=008  080602c20089999enktr\p\o\\\\\0\\\a0eng\c
=010  \\$a2008263333
=015  \\$aGBB410013$2bnb
=022  0\$a1752-1386$y1752-1378$202
=035  \\$a(OCoLC)229933865
=037  \\$acjres$bOxford University Press
=037  3\$aISSN_17521378$bPortico$nOxford University Press
=040  \\$aTXA$cTXA$dMUQ$dDLC$dOCLCQ$dVRC$dOCLCQ$dGUA$dUk
=042  \\$aissnuk$aukblsr
=050  14$aHB9$b.C36
=082  04$a301.05$222
=130  0\$aCambridge journal of regions, economy and society (Online)
=222  \0$aCambridge journal of regions, economy and society$b(Online)
=245  10$aCambridge journal of regions, economy and society$h[electronic resource].
=260  \\$aOxford :$bOxford University Press
=310  \\$aThree issues yearly
=336  \\$atext$2rdacontent
=337  \\$acomputer$2rdamedia
=338  \\$aonline resource$2rdacarrier
=362  1\$aBegan with: Vol. 1, no. 1 (Apr. 2008).
=500  \\$aIssues also have distinctive titles.
=500  \\$aDescription based on vol. 1, no. 1 (Apr. 2008); title from journal information screen (Oxford Journals, viewed June 2, 2008).
=500  \\$aLatest issue consulted: volume 6, issue 3 (November 2013) (viewed January 28, 2014).
=540  \\$aCurrent Copyright Fee: GBP33.00$c29\0$5Uk
=550  \\$a"Published on behalf of Cambridge Political Economy Society."
=650  \0$aEconomics$xSociological aspects$vPeriodicals.
=650  \0$aEconomics$vPeriodicals.
=650  \0$aSocial sciences$vPeriodicals.
=710  2\$aCambridge Political Economy Society.
=776  08$iAlso issued in print:$tCambridge journal of regions, economy and society$x1752-1378
=852  41$aBritish Library$bDSC$j3015.957250$3Volume 1:Issue 1(2008)-Volume 4:Issue 3(2011)***See ESTAR for full holdings.
=852  41$aBritish Library$bHMNTS$jELD Digital store$3Volume 7:Issue 1(2014)-***Previous issues available in print copy
=856  \\$31850-9999$uhttp://ukcatalogue.oup.com/$xBLDSS
=856  4\$uhttp://cjres.oxfordjournals.org
=856  40$uhttp://www.oxfordjournals.org/our_journals/cjres/access_purchase/price_list.html
=859  \\$aXLD$bejournal$cSFX
=859  \\$aELD$bejournal
=945  \\$aCambridge journal of regions economy and society
=959  \\$fCurrently available
=979  \\$aBritish Library$bDSC$j3015.957250
=ACF  \\$aPrevious copyright fee: GBP18.00$c29\0$e01-jan-2010$fGBP18.00$g0$hP$5Uk
=ACF  \\$aPrevious copyright fee: GBP20.00$c29\0$e01-jan-2013$fGBP20.00$g0$hP$5Uk
=ACF  \\$aPrevious copyright fee: GBP23.00$c29\0$e01-jan-2015$fGBP23.00$g0$hP$5Uk
=ACF  \\$aPrevious copyright fee: GBP24.00$c29\0$e01-jan-2016$fGBP24.00$g0$hP$5Uk
=ACF  \\$aPrevious copyright fee: GBP26.00$c29\0$e01-jan-2017$fGBP26.00$g0$hP$5Uk
=ACF  \\$aPrevious copyright fee: GBP27.00$c29\0$e01-jan-2018$fGBP27.00$g0$hP$5Uk
=ACF  \\$aPrevious copyright fee: GBP28.00$c29\0$e01-jan-2019$fGBP28.00$g0$hP$5Uk
=ACF  \\$aPrevious Copyright Fee: GBP20.00$c29\0$e01-jan-2020$fGBP20.00$g0$hP$5Uk
=CAT  \\$a11439$b40$c20060807$lBLL01$h1559
=CAT  \\$aBLDSS-3PM$b00$c20141208$lBLL01$h1625
=CAT  \\$aIPL-CLA$c20141231$lBLL01$h1654
=CAT  \\$aBATCH-UPD$b00$c20151119$lBLL01$h1551
=CAT  \\$aIPL-CLA$c20151231$lBLL01$h1924
=CAT  \\$aBATCH-UPD$b00$c20160524$lBLL01$h2211
=CAT  \\$aBATCH-UPD$b00$c20160525$lBLL01$h0024
=CAT  \\$aBATCH-UPD$b00$c20161122$lBLL01$h1521
=CAT  \\$aIPL-CLA$c20161230$lBLL01$h2200
=CAT  \\$aBATCH-UPD$b00$c20171121$lBLL01$h1704
=CAT  \\$aW1711-1005$c20171206$lBLL01$h1819
=CAT  \\$aIPL-CLA$c20171231$lBLL01$h1657
=CAT  \\$aBATCH-UPD$b00$c20181217$lBLL01$h1652
=CAT  \\$aIPL-CLA$c20181231$lBLL01$h1544
=CAT  \\$aW1910-0530$c20191007$lBLL01$h1114
=CAT  \\$aR1911-1518$c20191206$lBLL01$h1418
=CAT  \\$aIPL-CLA$c20191231$lBLL01$h1941
=CAT  \\$aBATCH-UPD$b00$c20220308$lBLL01$h1734
=CAT  \\$aIPL-CLA$c20220331$lBLL01$h1952
=CAT  \\$a12654$b40$c20230123$lBLL01$h1149
=CAT  \\$aS2302-1302$c20230322$lBLL01$h1707
=CAT  \\$aS2302-1302$c20230322$lBLL01$h1708
=CAT  \\$aS2302-1302$c20230323$lBLL01$h1443
=CAT  \\$aIPL-CLA$c20230331$lBLL01$h1547
=CAT  \\$aS2304-0519$c20230412$lBLL01$h1139
=CAT  \\$aBATCH-SUPP$c20230426$lBLL01$h1108
=CFI  0\$aCurrent Copyright Fee: GBP33.00$c29\0$e01-apr-2023$fGBP33.00$g0$hP$5Uk
=CFI  2\$aPrevious copyright fee: GBP22.00$c29\0$e01-apr-2022$fGBP22.00$g0$hP$5Uk
=EST  \\$a1
=FFP  \\$aY$bBLDSS-3PM
=FIN  \\$aY$d20090312
=FMT  \\$a  SE
=LAS  \\$aBATCH-SUPP$b00$c20230426$lBLL01$h1108
=LKR  \\$aPAR$b013526016$lBLL01$r776$mCambridge journal of regions, economy and society (Online)$nCambridge journal of regions, economy and society (Print)
=MNI  \\$a1752-1378
=SID  \\$aZ39$bOCLC
=TCO  \\$aCLA$bCLA$c008
=TOC  \\$aETOC
=UNO  \\$aY

