=LDR  04662cas a2201057 a 4500
=001  013533611
=003  Uk
=005  20230426110859.0
=006  m\\\\\\\\d\|\\\\\\
=007  cr||||||||||||
=008  060817c19969999enkmn\\\s\\\\\0\\\a0eng\\
=015  \\$aGBB407362$2bnb
=022  0\$a1752-2110$202
=037  \\$atandt$bOxford University Press
=037  3\$aISSN_13631780$bPortico$nOxford University Press
=040  \\$aUk$beng$cUk
=042  \\$aissnuk$aukblsr
=082  04$a346.05$223
=130  0\$aTrusts & trustees (Online)
=222  \0$aTrusts & trustees$b(Online)
=245  10$aTrusts & trustees$h[electronic resource].
=246  3\$aTrusts and trustees
=260  \\$aSaffron Walden :$bGostick Hall Publications
=260  3\$aOxford :$bOxford University Press
=310  \\$aTen issues yearly
=336  \\$atext$2rdacontent
=337  \\$acomputer$2rdamedia
=338  \\$aonline resource$2rdacarrier
=362  1\$aPrint began with Vol. 2, no. 3 (Feb. 1996).
=540  \\$aCurrent Copyright Fee: GBP42.00$c29\0$5Uk
=580  \\$aIncludes issues of earlier title: Trusts & trustees and international asset management (Online).
=588  \\$aDescription based on: volume 2, issue 3 (February 1996).
=588  \\$aLatest issue consulted: volume 19, issue 10 (December 2013) (Oxford Journals, viewed January 20, 2014).
=650  \0$aTrusts and trustees$vPeriodicals.
=776  08$iAlso issued in print as:$tTrusts & trustees (Saffron Walden, England)$x1363-1780
=780  10$tTrusts & trustees and international asset management (Online)
=852  41$aBritish Library$bDSC$j9066.613000$3Volume 14:Issue 1(2008)-Volume 17:Issue 10(2011)***See ESTAR for full holdings.
=852  41$aBritish Library$bHMNTS$jELD Digital store$3Volume 20:Issue 3(2014)-***Previous issues available in print copy
=856  \\$31850-9999$uhttp://ukcatalogue.oup.com/$xBLDSS
=856  40$uhttp://tandt.oxfordjournals.org/$zIncludes issues of earlier title: Trusts & trustees and international asset management (Online)
=859  \\$aXLD$bejournal$cSFX
=859  \\$aELD$bejournal
=945  \\$aTrusts and trustees
=959  \\$fCurrently available
=979  \\$aBritish Library$bDSC$j9066.613000
=ACF  \\$aPrevious Copyright Fee: GBP16.00$c29\0$e01-jan-2007$fGBP16.00$g0$hP$5Uk
=ACF  \\$aPrevious copyright fee: GBP18.00$c29\0$e01-jan-2008$fGBP18.00$g0$hP$5Uk
=ACF  \\$aPrevious copyright fee: GBP25.00$c29\0$e01-jan-2010$fGBP25.00$g0$hP$5Uk
=ACF  \\$aPrevious copyright fee: GBP35.00$c29\0$e01-jan-2015$fGBP35.00$g0$hP$5Uk
=ACF  \\$aPrevious copyright fee: GBP30.00$c29\0$e01-jan-2013$fGBP30.00$g0$hP$5Uk
=ACF  \\$aPrevious copyright fee: GBP41.00$c29\0$e11-jan-2019$fGBP41.00$g0$hP$5Uk
=ACF  \\$aPrevious Copyright Fee: GBP29.00$c29\0$e01-jan-2020$fGBP29.00$g0$hP$5Uk
=CAT  \\$a11439$b40$c20060817$lBLL01$h0852
=CAT  \\$a8483$b40$c20140120$lBLL01$h1350
=CAT  \\$a8483$b40$c20140120$lBLL01$h1352
=CAT  \\$a8483$b40$c20140120$lBLL01$h1359
=CAT  \\$a11316$b40$c20140206$lBLL01$h1505
=CAT  \\$a5552$b40$c20141029$lBLL01$h1208
=CAT  \\$aBLDSS-3PM$b00$c20141208$lBLL01$h1625
=CAT  \\$aIPL-CLA$c20141231$lBLL01$h1654
=CAT  \\$aBATCH-UPD$b00$c20160524$lBLL01$h2211
=CAT  \\$aBATCH-UPD$b00$c20160525$lBLL01$h0025
=CAT  \\$aW1711-1005$c20171206$lBLL01$h1819
=CAT  \\$a5552$b40$c20190111$lBLL01$h1234
=CAT  \\$aW1910-0530$c20191007$lBLL01$h1114
=CAT  \\$aR1911-1518$c20191206$lBLL01$h1405
=CAT  \\$aIPL-CLA$c20191231$lBLL01$h1941
=CAT  \\$a5410$b40$c20200204$lBLL01$h1131
=CAT  \\$aBATCH-UPD$b40$c20220308$lBLL01$h1727
=CAT  \\$aIPL-CLA$c20220331$lBLL01$h1952
=CAT  \\$a5410$b40$c20221024$lBLL01$h1125
=CAT  \\$a12654$b40$c20230307$lBLL01$h1234
=CAT  \\$a12654$b40$c20230307$lBLL01$h1236
=CAT  \\$aS2302-1302$c20230322$lBLL01$h1708
=CAT  \\$aS2302-1302$c20230323$lBLL01$h1444
=CAT  \\$aIPL-CLA$c20230331$lBLL01$h1547
=CAT  \\$aS2304-0519$c20230412$lBLL01$h1139
=CAT  \\$aBATCH-SUPP$c20230426$lBLL01$h1108
=CFI  0\$aCurrent Copyright Fee: GBP42.00$c29\0$e01-apr-2023$fGBP42.00$g0$hP$5Uk
=CFI  2\$aPrevious copyright fee: GBP32.00$c29\0$e01-apr-2022$fGBP32.00$g0$hP$5Uk
=EST  \\$a1
=FFP  \\$aY$bBLDSS-3PM
=FIN  \\$aY$d20070213
=FMT  \\$a  SE
=LAS  \\$aBATCH-SUPP$b00$c20230426$lBLL01$h1108
=LET  \0$aTrusts & trustees (Electronic)
=LKR  \\$aPAR$b009085215$lBLL01$r776$mTrusts & trustees (Online)$nTrusts & trustees (Print)
=MNI  \\$a1363-1780
=TCO  \\$aCLA$bCLA$c008
=TOC  \\$aETOC
=UNO  \\$aY

