=LDR  04401cas a2201045 a 4500
=001  013551595
=003  Uk
=005  20230426110900.0
=006  m\\\\\\\\d\|\\\\\\
=007  cr||||||||||||
=008  060912c20079999enkqr\p\s\\\\\0\\\a0eng\\
=015  \\$aGBA995824$2bnb
=022  0\$a1752-4520$202
=037  \\$apolicing$bOxford University Press
=037  3\$aISSN_17524512$bPortico$nOxford University Press
=040  \\$aUk$beng$cUk
=042  \\$aissnuk$aukblsr
=082  04$a363.2$222
=130  0\$aPolicing (Oxford, England : Online)
=222  \0$aPolicing$b(Oxford. Online)
=245  10$aPolicing$h[electronic resource] :$ba journal of policy and practice.
=260  \\$a[Oxford] :$bOxford University Press,$c2007-
=310  \\$aQuarterly
=336  \\$atext$2rdacontent
=337  \\$acomputer$2rdamedia
=338  \\$aonline resource$2rdacarrier
=362  0\$aVol. 1, no. 1 (2007)-
=500  \\$aTitle from contents screen (Oxford Journals, viewed on Sept. 30, 2009).
=530  \\$aAlso available in print.
=538  \\$aMode of access: World Wide Web.
=540  \\$aCurrent Copyright Fee: GBP33.00$c29\0$5Uk
=650  \0$aPolice$vPeriodicals.
=776  1\$tPolicing (Oxford, England)$x1752-4512
=852  41$aBritish Library$bHMNTS$jELD Digital store$3Volume 8:Number 1(2014)-***Previous issues available in print copy
=852  41$aBritish Library$bDSC$j6543.283850$3Volume 1:Issue 4(2007)-Volume 5:Issue 4(2011)***See ESTAR for full holdings.
=856  \\$31850-9999$uhttp://ukcatalogue.oup.com/$xBLDSS
=856  40$uhttp://policing.oxfordjournals.org/
=859  \\$aELD$bejournal
=859  \\$aXLD$bejournal$cSFX
=945  \\$aPolicing -a journal of policy and practice-
=959  \\$fCurrently available
=979  \\$aBritish Library$bDSC$j6543.283800
=ACF  \\$aPrevious copyright fee: GBP25.00$c29\0$e24-apr-2009$fGBP25.00$g0$hP$5Uk
=ACF  \\$aPrevious copyright fee: GBP30.00$c29\0$e01-jan-2013$fGBP30.00$g0$hP$5Uk
=ACF  \\$aPrevious Copyright Fee: GBP20.00$c29\0$e01-jan-2014$fGBP20.00$g0$hP$5Uk
=ACF  \\$aPrevious copyright fee: GBP23.00$c29\0$e01-jan-2015$fGBP23.00$g0$hP$5Uk
=ACF  \\$aPrevious copyright fee: GBP24.00$c29\0$e01-jan-2016$fGBP24.00$g0$hP$5Uk
=ACF  \\$aPrevious copyright fee: GBP26.00$c29\0$e01-jan-2017$fGBP26.00$g0$hP$5Uk
=ACF  \\$aPrevious copyright fee: GBP27.00$c29\0$e01-jan-2018$fGBP27.00$g0$hP$5Uk
=ACF  \\$aPrevious copyright fee: GBP28.00$c29\0$e01-jan-2019$fGBP28.00$g0$hP$5Uk
=ACF  \\$aPrevious Copyright Fee: GBP20.00$c29\0$e01-jan-2020$fGBP20.00$g0$hP$5Uk
=CAT  \\$a6537$b40$c20060912$lBLL01$h1234
=CAT  \\$a5552$b40$c20151118$lBLL01$h1315
=CAT  \\$a5552$b40$c20151118$lBLL01$h1328
=CAT  \\$aBATCH-UPD$b40$c20151119$lBLL01$h1551
=CAT  \\$aIPL-CLA$c20151231$lBLL01$h1924
=CAT  \\$aBATCH-UPD$b00$c20160524$lBLL01$h2211
=CAT  \\$aBATCH-UPD$b00$c20160525$lBLL01$h0025
=CAT  \\$aBATCH-UPD$b00$c20161122$lBLL01$h1521
=CAT  \\$aIPL-CLA$c20161230$lBLL01$h2202
=CAT  \\$aBATCH-UPD$b00$c20171121$lBLL01$h1704
=CAT  \\$aW1711-1005$c20171206$lBLL01$h1819
=CAT  \\$aIPL-CLA$c20171231$lBLL01$h1658
=CAT  \\$aBATCH-UPD$b00$c20181217$lBLL01$h1652
=CAT  \\$aIPL-CLA$c20181231$lBLL01$h1544
=CAT  \\$aW1910-0530$c20191007$lBLL01$h1114
=CAT  \\$aR1911-1518$c20191206$lBLL01$h1418
=CAT  \\$aIPL-CLA$c20191231$lBLL01$h1941
=CAT  \\$a5410$b40$c20200816$lBLL01$h1124
=CAT  \\$aBATCH-UPD$b40$c20220308$lBLL01$h1734
=CAT  \\$aIPL-CLA$c20220331$lBLL01$h1952
=CAT  \\$a12654$b40$c20230302$lBLL01$h1104
=CAT  \\$aS2302-1302$c20230322$lBLL01$h1708
=CAT  \\$aS2302-1302$c20230323$lBLL01$h1444
=CAT  \\$aIPL-CLA$c20230331$lBLL01$h1547
=CAT  \\$aS2304-0519$c20230412$lBLL01$h1139
=CAT  \\$aBATCH-SUPP$c20230426$lBLL01$h1109
=CFI  0\$aCurrent Copyright Fee: GBP33.00$c29\0$e01-apr-2023$fGBP33.00$g0$hP$5Uk
=CFI  2\$aPrevious copyright fee: GBP22.00$c29\0$e01-apr-2022$fGBP22.00$g0$hP$5Uk
=EST  \\$a1
=FFP  \\$aY$bBLDSS-3PM
=FIN  \\$aY$d20070918
=FMT  \\$a  SE
=LAS  \\$aBATCH-SUPP$b00$c20230426$lBLL01$h1109
=LET  \0$aPolicing (Online)
=LKR  \\$aPAR$b013551594$lBLL01$nPolicing (Print)$mPolicing (Online)$r776
=MNI  \\$a1752-4512
=TCO  \\$aCLA$bCLA$c008
=TOC  \\$aETOC
=UNO  \\$aY

