=LDR  06756cas a2201453 a 4500
=001  013553523
=003  Uk
=005  20230426110900.0
=006  m\\\\\\\\d\\\\\\\\
=007  cr\cnu||||||||
=008  000105c19949999enkbr\p\o\\\\\0\\\a0eng\c
=010  \\$a00211040
=015  \\$aGBB535571$2bnb
=016  7\$a2018371-9$2DE-600
=022  0\$a1527-974X$l1067-5027$202
=030  \\$aJAMAFU
=035  \\$a(OCoLC)43166114$z(OCoLC)50099577$z(OCoLC)56498154$z(OCoLC)525603854$z(OCoLC)535494036
=037  \\$ajamia$bOxford University Press
=037  3\$aISSN_10675027_4$bPortico$nOxford University Press
=040  \\$aNSD$beng$cNSD$dMXC$dNSD$dUMC$dOCLCQ$dORE$dOCLCQ$dFQM$dCOU$dMUQ$dMXC$dSNM$dOCLCS$dOCLCQ$dSBH$dHEBIS$dOCLCQ$dCCO$dUk
=042  \\$aukblsr$aissnuk
=050  \4$aR858.A1$bJ68
=060  00$aW1$bJO909NI
=082  04$a610.285$223
=130  0\$aJournal of the American Medical Informatics Association (Online)
=210  0\$aJ. Am. Med. Inform. Assoc$b(Online)
=222  \0$aJournal of the American Medical Informatics Association$b(Online)
=245  10$aJournal of the American Medical Informatics Association$h[electronic resource] :$bJAMIA.
=246  30$aJAMIA
=260  \\$aPhiladelphia, PA :$bHanley & Belfus, Inc.,$c1994-
=260  2\$a[S.l.] :$bElsevier Inc
=260  2\$32010-$aLondon :$bBMJ Group
=264  31$aOxford :$bOxford University Press
=310  \\$aBimonthly
=336  \\$atext$2rdacontent
=337  \\$acomputer$2rdamedia
=338  \\$aonline resource$2rdacarrier
=362  0\$aVol. 1, issue 1 (Jan./Feb. 1994)-
=500  \\$aTitle from title screen, viewed Dec. 17, 2001.
=540  \\$aCurrent Copyright Fee: GBP32.00$c29\0$5Uk
=550  \\$a"Published on behalf of American Medical Informatics Association."
=588  \\$aLatest issue consulted: volume 22, issue 1 (01 January 2015) (Oxford University Press Journals, viewed March 13, 2015).
=650  \0$aMedical informatics$vPeriodicals.
=650  \2$aInformation Services$vPeriodicals.
=650  \2$aMedical Informatics$vPeriodicals.
=650  \6$aMeÌdecine$xInformatique$vPeÌriodiques.
=650  17$aInformatica.$2gtt
=650  17$aGeneeskunde.$2gtt
=650  \7$aInformatique meÌdicale.$2rasuqam
=655  \0$aComputer network resources.
=655  \0$aElectronic journals.
=710  2\$aAmerican Medical Informatics Association.
=776  08$iAlso issued in print as:$tJournal of the American Medical Informatics Association$x1067-5027
=787  0\$tJAMIA open$x2574-2531
=852  41$aBritish Library$bSTI$jELD Digital store$3Volume 10:Number 2(2003:Mar.)-***Previous issues available in print copy
=852  \\$aBritish Library$bDSC$j4689.025000$3Volume 10:Issue 2(2003)-Volume 29:Issue 5(2022)***See ESTAR for full holdings.
=856  \\$31850-9999$uhttp://www.oxfordjournals.org/en/$xBLDSS
=856  40$uhttp://jamia.bmj.com/
=856  40$uhttp://www.jamia.org
=856  40$uhttp://www.pubmedcentral.nih.gov/tocrender.fcgi?journal=76
=856  40$uhttp://www.sciencedirect.com/science/journal/10675027
=856  42$uhttp://www.jamia.org/subscriptions
=856  40$uhttp://jamia.oxfordjournals.org/
=859  \\$aXLD$bejournal$cSFX
=859  \\$aELD$bejournal
=945  \\$aJournal- American Medical Informatics Association
=959  \\$fCurrently available
=979  \\$aBritish Library$bDSC$j4689.025000
=985  \\$aResponsibility for ISSN transferred to ISSN UK from the US ISSN Centre, 03/04/12
=ACF  \\$aPrevious Copyright Fee: GBP19.00$c0$e10-apr-2012$fGBP19.00$g0$hC$5Uk
=ACF  \\$aPrevious copyright fee: GBP12.00$c0$e01-jan-2012$fGBP12.00$g0$hA$5Uk
=ACF  \\$aPrevious copyright fee: GBP10.50$c0$e05-dec-2011$fGBP10.50$g0$hA$5Uk
=ACF  \\$aPrevious copyright fee: GBP20.00$c5\1$e01-jan-2009$fGBP20.00$g0$hP$5Uk
=ACF  \\$aPrevious copyright fee: GBP19.00$c5\4$e01-jan-2008$fGBP19.00$g0$hP$5Uk
=ACF  \\$aPrevious Copyright Fee: GBP18.00$c5\4$e13-sep-2006$fGBP18.00$g0$hP$5Uk
=ACF  \\$aPrevious Copyright Fee: GBP19.00$c0$e01-jul-2012$fGBP19.00$g0$hC$5Uk
=ACF  \\$aPrevious Copyright Fee: GBP19.00$c0$e01-oct-2012$fGBP19.00$g0$hC$5Uk
=ACF  \\$aPrevious Copyright Fee: GBP25.00$c0$e01-apr-2014$fGBP25.00$g0$hC$5Uk
=ACF  \\$aPrevious copyright fee: GBP23.00$c29\0$e01-jan-2015$fGBP23.00$g0$hP$5Uk
=ACF  \\$aPrevious copyright fee: GBP24.00$c29\0$e01-jan-2016$fGBP24.00$g0$hP$5Uk
=ACF  \\$aPrevious copyright fee: GBP26.00$c29\0$e01-jan-2017$fGBP26.00$g0$hP$5Uk
=ACF  \\$aPrevious copyright fee: GBP27.00$c29\0$e01-jan-2018$fGBP27.00$g0$hP$5Uk
=ACF  \\$aPrevious copyright fee: GBP28.00$c29\0$e01-jan-2019$fGBP28.00$g0$hP$5Uk
=ACF  \\$aPrevious Copyright Fee: GBP20.00$c29\0$e01-jan-2020$fGBP20.00$g0$hP$5Uk
=CAT  \\$a7174$b40$c20060913$lBLL01$h1115
=CAT  \\$aBATCH-UPD$b00$c20160522$lBLL01$h2349
=CAT  \\$aBATCH-UPD$b00$c20160524$lBLL01$h2211
=CAT  \\$aBATCH-UPD$b00$c20161122$lBLL01$h1521
=CAT  \\$aIPL-CLA$c20161230$lBLL01$h2202
=CAT  \\$aBATCH-UPD$b00$c20171121$lBLL01$h1704
=CAT  \\$aW1711-1005$c20171206$lBLL01$h1819
=CAT  \\$aIPL-CLA$c20171231$lBLL01$h1658
=CAT  \\$a10806$b40$c20180723$lBLL01$h1204
=CAT  \\$aBATCH-UPD$b40$c20181217$lBLL01$h1652
=CAT  \\$aIPL-CLA$c20181231$lBLL01$h1544
=CAT  \\$aW1910-0530$c20191007$lBLL01$h1114
=CAT  \\$aR1911-1518$c20191206$lBLL01$h1419
=CAT  \\$aIPL-CLA$c20191231$lBLL01$h1941
=CAT  \\$a14586$b40$c20200716$lBLL01$h0905
=CAT  \\$a15190$b40$c20211203$lBLL01$h1201
=CAT  \\$aBATCH-UPD$b40$c20220308$lBLL01$h1734
=CAT  \\$aIPL-CLA$c20220331$lBLL01$h1952
=CAT  \\$a6811$b40$c20220923$lBLL01$h1502
=CAT  \\$a12654$b40$c20221214$lBLL01$h1421
=CAT  \\$a12654$b40$c20221214$lBLL01$h1422
=CAT  \\$aS2302-1302$c20230322$lBLL01$h1708
=CAT  \\$aS2302-1302$c20230323$lBLL01$h1443
=CAT  \\$aIPL-CLA$c20230331$lBLL01$h1547
=CAT  \\$aS2304-0519$c20230412$lBLL01$h1139
=CAT  \\$aBATCH-SUPP$c20230426$lBLL01$h1109
=CFI  0\$aCurrent Copyright Fee: GBP32.00$c29\0$e01-apr-2023$fGBP32.00$g0$hP$5Uk
=CFI  2\$aPrevious copyright fee: GBP22.00$c29\0$e01-apr-2022$fGBP22.00$g0$hP$5Uk
=EST  \\$a1
=FFP  \\$aY$bBLDSS-3PM
=FIN  \\$aY$d20111018
=FMT  \\$a  SE
=LAS  \\$aBATCH-SUPP$b00$c20230426$lBLL01$h1109
=LET  \0$aJournal of the American Medical Informatics Association (Electronic)
=LKR  \\$aPAR$b010484131$lBLL01$nJournal of the American Medical Informatics Association (Print)$mJournal of the American Medical Informatics Association (Online)$r776
=MNI  \\$a1067-5027
=SID  \\$aZ39$bOCLC
=TCO  \\$aTRS$bCCC$c008
=TOC  \\$aETOC
=UNO  \\$aY

