=LDR  05410cas a2201225 i 4500
=001  011453469
=003  Uk
=005  20230426110751.0
=006  m\\\\f\\\d\\\\\\\\
=007  cr||||||||||||
=008  001121c19139999enkmr\pss\\\\\0\\\a0eng\c
=010  \\$a00242379
=015  \\$aGBA599880$2bnb
=022  0\$a1365-2168$y0007-1323$202
=037  \\$aISSN_00071323$bPortico$nWiley
=037  3\$aISSN_00071323_4$bPortico$nOxford University Press
=040  \\$aMYG$beng$cMYG$dOCLCQ$dMYG$dOCLCQ$dGUA$dSBH$dMND$dOCLCQ$dUk
=042  \\$aukblsr$aissnuk
=050  14$aRD1
=082  04$a617.005$223
=130  0\$aBritish journal of surgery (Online)
=210  0\$aBr. j. surg.$b(Online)
=222  \0$aBritish journal of surgery$b(Online)
=245  10$aBritish journal of surgery$h[electronic resource].
=246  13$aBJS
=260  \\$a[Oxford] :$b[Blackwell Science],$c[1913]-
=260  2\$32003-2020$aChichester :$bJohn Wiley
=264  31$32021-$a[Oxford] :$bOxford University Press on behalf of BJS Society Ltd
=310  \\$aMonthly
=336  \\$atext$2rdacontent
=337  \\$acomputer$2rdamedia
=338  \\$aonline resource$2rdacarrier
=362  1\$aPrint began with 1, published in 1913.
=500  \\$aDescription based on: Vol. 85, issue 1 (Jan. 1998); title from contents screen (InterScience, viewed May 25, 2004).
=516  \\$aPDF format.
=538  \\$aMode of access: World Wide Web.
=540  \\$aCurrent Copyright Fee: GBP42.00$c29\0$5Uk
=550  \\$aSpecially related to the Association of Surgeons of Great Britain and Ireland and several other European surgical societies.
=588  \\$aLatest issue consulted: volume 108, issue 7 (July 2021) (Oxford Academic website, viewed September 22, 2021).
=650  \0$aSurgery$vPeriodicals.
=710  2\$aAssociation of Surgeons of Great Britain and Ireland.
=710  2\$aBritish Journal of Surgery Society Ltd.,$eissuing body.
=776  0\$tBritish journal of surgery (Print)$x0007-1323
=780  05$tEuropean journal of surgery (Online)$x1741-9271
=787  0\$tBJS open$x2474-9842
=852  41$aBritish Library$bDSC$j2325.000000$3Volume 53:Issue 1(1966)-Volume 105:Issue 4(2018)***See ESTAR for full holdings.
=852  41$aBritish Library$bSTI$jELD Digital store$3Volume 100:Issue 1(2013:Jan.)-***Previous issues available in print copy
=856  \\$31850-9999$uhttp://onlinelibrary.wiley.com/$xBLDSS
=856  40$uhttp://www.bjs.co.uk/bjsCda/cda/microHome.do
=856  40$uhttps://academic.oup.com/bjs#
=859  \\$aXLD$bejournal$cSFX
=859  \\$aELD$bejournal
=945  \\$aBritish journal of surgery
=959  \\$fCurrently available
=979  \\$aBritish Library$bDSC$j2325.000000
=985  \\$aISSN responsibility transferred to US ISSN Center from ISSN UK Centre, Wiley, Multinational Publisher List, Summer 2017.
=985  \\$aCONFERENCE ANALYTIC RECORDS EXIST
=985  \\$aISSN responsibility transferred back from U.S. to UK (Richard, 01/12/21)
=ACF  \\$aPrevious Copyright Fee: GBP17.00$c35\0$e01-apr-2005$fGBP17.00$g0$hP$5Uk
=ACF  \\$aPrevious copyright fee: GBP22.00$c35\0$e01-jan-2011$fGBP22.00$g0$hP$5Uk
=ACF  \\$aPrevious copyright fee: GBP24.00$c35\0$e01-mar-2015$fGBP24.00$g0$hP$5Uk
=ACF  \\$aPrevious Copyright Fee: GBP32.00$c35\0$e01-jan-2020$fGBP32.00$g0$hP$5Uk
=ACF  \\$aPrevious copyright fee: GBP28.00$c35\0$e01-jan-2019$fGBP28.00$g0$hP$5Uk
=ACF  \\$aPrevious copyright fee: GBP29.00$c29\0$e15-feb-2021$fGBP29.00$g0$hP$5Uk
=CAT  \\$aCONV$b00$c20040425$lBLL90$h0849
=CAT  \\$aW1805-0471$c20180520$lBLL01$h1137
=CAT  \\$aBATCH-UPD$b00$c20181121$lBLL01$h1620
=CAT  \\$aIPL-CLA$c20181231$lBLL01$h1538
=CAT  \\$aR1911-0245$c20191127$lBLL01$h1015
=CAT  \\$aR1911-0245$c20191127$lBLL01$h1031
=CAT  \\$aR1911-0245$c20191127$lBLL01$h1035
=CAT  \\$a5552$b40$c20191209$lBLL01$h1303
=CAT  \\$aIPL-CLA$c20191231$lBLL01$h1852
=CAT  \\$a5552$b40$c20210215$lBLL01$h0845
=CAT  \\$a10983$b40$c20210806$lBLL01$h1428
=CAT  \\$a8483$b40$c20210922$lBLL01$h1216
=CAT  \\$a8483$b40$c20210922$lBLL01$h1217
=CAT  \\$a10806$b40$c20211201$lBLL01$h0856
=CAT  \\$a10806$b40$c20211208$lBLL01$h0947
=CAT  \\$aBATCH-UPD$b40$c20220308$lBLL01$h1727
=CAT  \\$aIPL-CLA$c20220331$lBLL01$h1951
=CAT  \\$a5410$b40$c20221117$lBLL01$h1431
=CAT  \\$a5410$b40$c20221117$lBLL01$h1434
=CAT  \\$a12654$b40$c20230116$lBLL01$h1154
=CAT  \\$aS2302-1302$c20230322$lBLL01$h1707
=CAT  \\$aS2302-1302$c20230322$lBLL01$h1708
=CAT  \\$aS2302-1302$c20230323$lBLL01$h1443
=CAT  \\$aIPL-CLA$c20230331$lBLL01$h1546
=CAT  \\$aS2304-0519$c20230412$lBLL01$h1138
=CAT  \\$aBATCH-SUPP$c20230426$lBLL01$h1107
=CFI  0\$aCurrent Copyright Fee: GBP42.00$c29\0$e01-apr-2023$fGBP42.00$g0$hP$5Uk
=CFI  2\$aPrevious copyright fee: GBP32.00$c29\0$e01-apr-2022$fGBP32.00$g0$hP$5Uk
=EST  \\$a1
=FFP  \\$aY$bBLDSS-3PM
=FIN  \\$aY
=FMT  \\$a  SE
=LAS  \\$aBATCH-SUPP$b00$c20230426$lBLL01$h1107
=LEO  \\$aMP22.0000051907
=LKR  \\$aPAR$b009551780$lBLL01$r776$mBritish journal of surgery [electronic resource].$nBritish journal of surgery (Print)
=MNI  \\$a0007-1323
=SID  \\$aZ39$bOCLC
=SRC  \\$aISN01$bbibmp22.200404.2.aa
=TCO  \\$aCLA$bCLA$c008
=TOC  \\$aETOC
=UNO  \\$aY

