=LDR  05218cas a2201153 i 4500
=001  011459173
=003  Uk
=005  20230426110753.0
=007  cr||||||||||||
=008  000905c19749999enkbr\p\o\\\\\0\\\a0eng\\
=015  \\$aGBB040656$2bnb
=022  0\$a1471-5430$y0302-3427$202
=037  \\$aspp$bOxford University Press
=037  3\$aISSN_03023427_4$bPortico$nOxford University Press
=040  \\$aUk$cUk$dUk
=042  \\$aissnuk$aukblsr
=082  04$a338.926$222
=130  0\$aScience and public policy (Online)
=210  0\$aSci. public policy$b(Online)
=222  \0$aScience and public policy$b(Online)
=245  10$aScience and public policy$h[electronic resource].
=260  \\$a[London] :$b[Science Policy Foundation]
=264  21$31985-2011$aGuildford :$bBeech Tree Publishing
=264  31$32012-$a[Oxford] :$bOxford University Press
=310  \\$aBimonthly,$b2012-
=321  \\$aTen issues yearly,$b2006-2011
=321  \\$aBimonthly,$b-2005
=336  \\$atext$2rdacontent
=337  \\$acomputer$2rdamedia
=338  \\$aonline resource$2rdacarrier
=362  1\$aPrint began with vol. 1, no. 1 (Jan. 1974).
=500  \\$aDescription based on: Vol. 26, no. 1 (Feb. 1999); title from issue contents page (IngentaConnect, viewed Mar. 17, 2010).
=500  \\$aLatest issue consulted: volume 40, issue 6 (December 2013) (Oxford Journals, viewed February 5, 2014).
=540  \\$aCurrent Copyright Fee: GBP33.00$c29\0$5Uk
=550  \\$aTo 1985 published by the Science Policy Foundation, (later, the International Science Policy Foundation); from 1985 published for that body.
=580  \\$aOriginal print version of this title was preceded by an earlier title: Science policy.
=650  \0$aScience and state$vPeriodicals.
=690  7\$aManagement and Business Studies$2blcoll
=710  2\$aInternational Science Policy Foundation,$eissuing body.
=710  2\$aScience Policy Foundation,$eissuing body.
=776  08$iAlso issued in print as:$tScience & public policy$x0302-3427
=852  41$aBritish Library$bHMNTS$jELD Digital store$3Volume 41:Number 1(2014:Feb.)-***Previous issues available in print copy
=852  \\$aBritish Library$bDSC$j8134.179000$3Volume 23:Issue 1(1996)-Volume 41:Issue 6(2014)***See ESTAR for full holdings.
=856  \\$31850-9999$uhttp://ukcatalogue.oup.com/$xBLDSS
=856  40$uhttp://spp.oxfordjournals.org
=859  \\$aELD$bejournal
=859  \\$aXLD$bejournal$cSFX
=945  \\$aScience and public policy
=959  \\$fCurrently available
=979  \\$aBritish Library$bDSC$j8134.179000
=ACF  \\$aPrevious copyright fee: GBP18.00$c29\0$e01-jan-2012$fGBP18.00$g0$hP$5Uk
=ACF  \\$aPrevious copyright fee: GBP20.00$c29\0$e01-jan-2013$fGBP20.00$g0$hP$5Uk
=ACF  \\$aPrevious copyright fee: GBP23.00$c29\0$e01-jan-2015$fGBP23.00$g0$hP$5Uk
=ACF  \\$aPrevious copyright fee: GBP24.00$c29\0$e01-jan-2016$fGBP24.00$g0$hP$5Uk
=ACF  \\$aPrevious copyright fee: GBP26.00$c29\0$e01-jan-2017$fGBP26.00$g0$hP$5Uk
=ACF  \\$aPrevious copyright fee: GBP27.00$c29\0$e01-jan-2018$fGBP27.00$g0$hP$5Uk
=ACF  \\$aPrevious copyright fee: GBP28.00$c29\0$e01-jan-2019$fGBP28.00$g0$hP$5Uk
=ACF  \\$aPrevious Copyright Fee: GBP20.00$c29\0$e01-jan-2020$fGBP20.00$g0$hP$5Uk
=CAT  \\$aCONV$b00$c20040425$lBLL90$h0850
=CAT  \\$aIPL-CLA$c20141231$lBLL01$h1648
=CAT  \\$aBATCH-UPD$b00$c20151119$lBLL01$h1550
=CAT  \\$aIPL-CLA$c20151231$lBLL01$h1916
=CAT  \\$aBATCH-UPD$b00$c20160524$lBLL01$h2208
=CAT  \\$aBATCH-UPD$b00$c20160525$lBLL01$h0005
=CAT  \\$aBATCH-UPD$b00$c20161122$lBLL01$h1520
=CAT  \\$aIPL-CLA$c20161230$lBLL01$h2021
=CAT  \\$aBATCH-UPD$b00$c20171121$lBLL01$h1703
=CAT  \\$aW1711-1005$c20171206$lBLL01$h1814
=CAT  \\$aIPL-CLA$c20171231$lBLL01$h1545
=CAT  \\$aBATCH-UPD$b00$c20181217$lBLL01$h1651
=CAT  \\$aIPL-CLA$c20181231$lBLL01$h1538
=CAT  \\$aW1910-0530$c20191007$lBLL01$h1114
=CAT  \\$aR1911-1518$c20191206$lBLL01$h1419
=CAT  \\$aIPL-CLA$c20191231$lBLL01$h1852
=CAT  \\$a5410$b40$c20200306$lBLL01$h0936
=CAT  \\$aBATCH-UPD$b40$c20220308$lBLL01$h1734
=CAT  \\$aIPL-CLA$c20220331$lBLL01$h1951
=CAT  \\$a5410$b40$c20221005$lBLL01$h1549
=CAT  \\$a12654$b40$c20230307$lBLL01$h0839
=CAT  \\$aS2302-1302$c20230322$lBLL01$h1708
=CAT  \\$aS2302-1302$c20230323$lBLL01$h1444
=CAT  \\$aIPL-CLA$c20230331$lBLL01$h1546
=CAT  \\$aS2304-0519$c20230412$lBLL01$h1138
=CAT  \\$aBATCH-SUPP$c20230426$lBLL01$h1107
=CFI  0\$aCurrent Copyright Fee: GBP33.00$c29\0$e01-apr-2023$fGBP33.00$g0$hP$5Uk
=CFI  2\$aPrevious copyright fee: GBP22.00$c29\0$e01-apr-2022$fGBP22.00$g0$hP$5Uk
=EST  \\$a1
=FFP  \\$aY$bBLDSS-3PM
=FIN  \\$aY$d20100317
=FMT  \\$a  SE
=LAS  \\$aBATCH-SUPP$b00$c20230426$lBLL01$h1107
=LEO  \\$aMP22.0000064928
=LET  \0$aScience and public policy (Online)
=LKR  \\$aPAR$b009549189$lBLL01$r776$mScience and public policy (Online)$nScience & public policy (Print)
=MNI  \\$a0302-3427
=SRC  \\$aISN01$bbibmp22.200404.2.aa
=TCO  \\$aCLA$bCLA$c008
=TOC  \\$aETOC
=UNO  \\$aY

