=LDR  04743cas a2201105 a 4500
=001  011459174
=003  Uk
=005  20230426110753.0
=006  m\\\\\\\\d\|\\\\\\
=007  cr||||||||||||
=008  000905c19919999enkqx\p\o\\\\\0\\\a0eng\\
=015  \\$aGBB040670$2bnb
=022  0\$a1471-5449$202
=037  \\$a09582029$bBeech Tree Publishing
=037  2\$arev$bOxford University Press
=037  3\$aISSN_09582029_4$bPortico$nOxford University Press
=040  \\$aUk$beng$cUk$dUk
=042  \\$aukblsr$aissnuk
=082  04$a001.4$222
=130  0\$aResearch evaluation (Online)
=210  0\$aRes. eval.$b(Online)
=222  \0$aResearch evaluation$b(Online)
=245  10$aResearch evaluation$h[electronic resource].
=260  \\$aGuildford :$bBeech Tree Publishing
=264  31$32012-$a[Oxford] :$bOxford University Press
=310  \\$aFive issues yearly
=321  \\$aQuarterly,$b2007-2008
=321  \\$aThree issues yearly,$b-2006
=336  \\$atext$2rdacontent
=337  \\$acomputer$2rdamedia
=338  \\$aonline resource$2rdacarrier
=362  1\$aPrint began with Volume 1, issue 1 (April 1991).
=540  \\$aCurrent Copyright Fee: GBP33.00$c29\0$5Uk
=588  \\$aDescription based on: Vol. 8, no. 1 (Apr. 1999); title from issue contents page (IngentaConnect, viewed Mar. 17, 2010).
=588  \\$aLatest issue consulted: volume 23, issue 1 (January 2014) (Oxford Journals, viewed January 31, 2014).
=650  \0$aResearch$xEvaluation$vPeriodicals.
=776  08$iAlso issued in print as:$tResearch evaluation$x0958-2029
=852  41$aBritish Library$bHMNTS$jELD Digital store$3Volume 8:Issue 1(1999)-***Previous issues available in print copy
=852  41$aBritish Library$bDSC$j7739.920000$3Volume 1:Issue 1(1991)-Volume 28:Issue 2(2019)***See ESTAR for full holdings.
=856  \\$31850-9999$uhttp://ukcatalogue.oup.com/$xBLDSS
=856  40$uhttp://rev.oxfordjournals.org
=856  40$uhttp://www.ingentaconnect.com/content/beech/rev
=859  \\$aELD$bejournal
=859  \\$aXLD$bejournal$cSFX
=945  \\$aResearch evaluation
=959  \\$fCurrently available
=979  \\$aBritish Library$bDSC$j7739.920000
=ACF  \\$aPrevious copyright fee: GBP18.00$c29\0$e01-jan-2012$fGBP18.00$g0$hP$5Uk
=ACF  \\$aPrevious copyright fee: GBP20.00$c29\0$e01-jan-2013$fGBP20.00$g0$hP$5Uk
=ACF  \\$aPrevious copyright fee: GBP23.00$c29\0$e01-jan-2015$fGBP23.00$g0$hP$5Uk
=ACF  \\$aPrevious copyright fee: GBP24.00$c29\0$e01-jan-2016$fGBP24.00$g0$hP$5Uk
=ACF  \\$aPrevious copyright fee: GBP26.00$c29\0$e01-jan-2017$fGBP26.00$g0$hP$5Uk
=ACF  \\$aPrevious copyright fee: GBP27.00$c29\0$e01-jan-2018$fGBP27.00$g0$hP$5Uk
=ACF  \\$aPrevious copyright fee: GBP28.00$c29\0$e01-jan-2019$fGBP28.00$g0$hP$5Uk
=ACF  \\$aPrevious Copyright Fee: GBP20.00$c29\0$e01-jan-2020$fGBP20.00$g0$hP$5Uk
=CAT  \\$aCONV$b00$c20040425$lBLL90$h0850
=CAT  \\$aBATCH-UPD$b00$c20160524$lBLL01$h2208
=CAT  \\$aBATCH-UPD$b00$c20160525$lBLL01$h0005
=CAT  \\$a11450$b40$c20160816$lBLL01$h1127
=CAT  \\$aBATCH-UPD$b40$c20161122$lBLL01$h1520
=CAT  \\$aIPL-CLA$c20161230$lBLL01$h2021
=CAT  \\$a10983$b40$c20170223$lBLL01$h1323
=CAT  \\$aBATCH-UPD$b40$c20171121$lBLL01$h1703
=CAT  \\$aW1711-1005$c20171206$lBLL01$h1814
=CAT  \\$aIPL-CLA$c20171231$lBLL01$h1545
=CAT  \\$aBATCH-UPD$b00$c20181217$lBLL01$h1651
=CAT  \\$aIPL-CLA$c20181231$lBLL01$h1538
=CAT  \\$a15005$b40$c20191014$lBLL01$h1118
=CAT  \\$aR1911-1518$c20191206$lBLL01$h1419
=CAT  \\$aIPL-CLA$c20191231$lBLL01$h1852
=CAT  \\$a12654$b40$c20210426$lBLL01$h1139
=CAT  \\$a5410$b40$c20220127$lBLL01$h0843
=CAT  \\$a5410$b40$c20220127$lBLL01$h0846
=CAT  \\$aBATCH-UPD$b40$c20220308$lBLL01$h1734
=CAT  \\$aIPL-CLA$c20220331$lBLL01$h1951
=CAT  \\$a12654$b40$c20230307$lBLL01$h0734
=CAT  \\$aS2302-1302$c20230322$lBLL01$h1708
=CAT  \\$aS2302-1302$c20230323$lBLL01$h1444
=CAT  \\$aIPL-CLA$c20230331$lBLL01$h1546
=CAT  \\$aS2304-0519$c20230412$lBLL01$h1138
=CAT  \\$aBATCH-SUPP$c20230426$lBLL01$h1107
=CFI  0\$aCurrent Copyright Fee: GBP33.00$c29\0$e01-apr-2023$fGBP33.00$g0$hP$5Uk
=CFI  2\$aPrevious copyright fee: GBP22.00$c29\0$e01-apr-2022$fGBP22.00$g0$hP$5Uk
=EST  \\$a1
=FFP  \\$aY$bBLDSS-3PM
=FIN  \\$aY$d20100317
=FMT  \\$a  SE
=LAS  \\$aBATCH-SUPP$b00$c20230426$lBLL01$h1107
=LEO  \\$aMP22.0000064929
=LKR  \\$aPAR$b008413403$lBLL01$r776$mResearch evaluation (Online)$nResearch evaluation (Print)
=MNI  \\$a0958-2029
=SRC  \\$aISN01$bbibmp22.200404.2.aa
=TCO  \\$aCLA$bCLA$c008
=TOC  \\$aETOC
=UNO  \\$aY

