=LDR  04401cas a2201033 i 4500
=001  018607765
=003  Uk
=005  20230707155210.0
=006  m\\\\\|\\d\|\\\\\\
=007  cr\|||||||||||
=008  171114c19849999enkmr\p\o\\\\\0\\\a0eng\\
=022  \\$a1938-3673$202
=037  \\$aISSN_07415400$bPortico$nWiley
=037  3\$aISSN_07415400_4$bPortico$nOxford University Press
=040  \\$aUk$beng$cUk$dUk$erda
=042  \\$aukblsr$aissnuk
=082  04$a571.96$223
=210  0\$aJ. leukoc. biol.$b(Online)
=222  \0$aJournal of leukocyte biology$b(Online)
=245  00$aJournal of leukocyte biology.
=246  30$aJLB
=264  \1$aNew York :$bLiss,$c[1984]-
=264  21$aHoboken, NJ :$bOn behalf of the Society for Leukocyte Biology (SLB) by Wiley Subscription Services, Inc., a Wiley Company
=264  31$32023-$a[Oxford?] :$bOxford University Press
=310  \\$aMonthly
=336  \\$atext$2rdacontent
=337  \\$acomputer$2rdamedia
=338  \\$aonline resource$2rdacarrier
=362  1\$aPrint began with volume 35, number 1 (January 1984).
=540  \\$aCurrent copyright fee: GBP40.00$c29\0$5Uk
=588  \\$aDescription based on print version record.
=588  \\$aLatest issue consulted: volume 113, issue 1 (January 2023) (Oxford Academic, viewed March 22, 2023).
=650  \0$aLeucocytes$vPeriodicals.
=650  \0$aReticulo-endothelial system$vPeriodicals.
=710  2\$aReticuloendothelial Society.
=710  2\$aFederation of American Societies for Experimental Biology.
=710  2\$aSociety for Leukocyte Biology.
=776  08$iPrint version, -2017:$tJournal of leukocyte biology$x0741-5400
=852  41$aBritish Library$bHMNTS$jELD Digital store$3Volume 93:Issue 1(2013)-
=852  \\$aBritish Library$bDSC$j5010.305000$3Volume 103:Issue 1(2018)-Volume 112:Issue 6(2022)
=856  \\$31850-9999$uhttp://onlinelibrary.wiley.com/$xBLDSS
=856  40$uhttp://jlb.onlinelibrary.wiley.com/hub/journal/10.1002/(ISSN)1938-3673/
=856  40$uhttps://academic.oup.com/jleukbio
=859  \\$aELD$bejournal
=859  \\$aXLD$bejournal$cSFX
=945  \\$aJournal of leukocyte biology
=959  \\$fCurrently available
=979  \\$aBritish Library$bDSC$j5010.305000
=985  \\$aISSN responsibility transferred from U.S. Center to UK (Richard, 12/04/23)
=ACF  \\$aPrevious copyright Fee: GBP24.00$c0$e27-jun-2018$fGBP24.00$g0$hC$5Uk
=ACF  \\$aPrevious Copyright Fee: GBP24.00$c35\0$e16-jul-2018$fGBP24.00$g0$hP$5Uk
=ACF  \\$aPrevious copyright fee: GBP28.00$c35\0$e01-jan-2019$fGBP28.00$g0$hP$5Uk
=CAT  \\$a14586$b40$c20171114$lBLL01$h1420
=CAT  \\$aW1711-1005$c20171206$lBLL01$h1830
=CAT  \\$a11205$b40$c20180129$lBLL01$h1548
=CAT  \\$a10983$b40$c20180219$lBLL01$h1439
=CAT  \\$a8055$b40$c20180627$lBLL01$h1059
=CAT  \\$a8055$b40$c20180716$lBLL01$h1156
=CAT  \\$aBATCH-UPD$b40$c20180718$lBLL01$h0008
=CAT  \\$aBLDSS-3PM$b00$c20180723$lBLL01$h1541
=CAT  \\$aBATCH-UPD$b00$c20180723$lBLL01$h1549
=CAT  \\$a5552$b40$c20180808$lBLL01$h1131
=CAT  \\$aBATCH-UPD$b40$c20181121$lBLL01$h1627
=CAT  \\$aIPL-CLA$c20181231$lBLL01$h1556
=CAT  \\$aR1911-0245$c20191127$lBLL01$h0823
=CAT  \\$aR1911-0245$c20191127$lBLL01$h1045
=CAT  \\$aIPL-CLA$c20191231$lBLL01$h2044
=CAT  \\$aW2111-0842$c20211208$lBLL01$h1943
=CAT  \\$aIPL-CLA$c20211231$lBLL01$h1547
=CAT  \\$a15190$b40$c20230119$lBLL01$h1134
=CAT  \\$a10806$b40$c20230322$lBLL01$h1446
=CAT  \\$a11450$b40$c20230403$lBLL01$h1520
=CAT  \\$a10806$b40$c20230412$lBLL01$h0850
=CAT  \\$a12654$b40$c20230706$lBLL01$h0946
=CAT  \\$a8055$b40$c20230707$lBLL01$h1359
=CAT  \\$a8055$b40$c20230707$lBLL01$h1552
=CFI  0\$aCurrent copyright fee: GBP40.00$c29\0$e07-jul-2023$fGBP40.00$g0$hP$5Uk
=CFI  2\$aPrevious copyright fee: GBP39.00$c35\0$e01-jan-2022$fGBP39.00$g0$hP$5Uk
=CFI  2\$aPrevious Copyright Fee: GBP32.00$c35\0$e01-jan-2020$fGBP32.00$g0$hP$5Uk
=EST  \\$a1
=FFP  \\$aY$bBLDSS-3PM
=FIN  \\$aY$d20180129
=FMT  \\$a  SE
=LAS  \\$a8055$b40$c20230707$lBLL01$h1552
=LET  \0$aJournal of leukocyte biology (Electronic)
=LKR  \\$aPAR$b008900606$lBLL01$nJournal of leukocyte biology (Print)$mJournal of leukocyte biology (Online)$r776
=MNI  \\$a0741-5400
=TOC  \\$aETOC
=UNO  \\$aY

