=LDR  03833cas a2200889 a 4500
=001  018660261
=003  Uk
=005  20230814112043.0
=006  m\\\\\o\\d\\\\\\\\
=007  cr\un|||||||||
=008  050614c19879999vaufr\pso\\\\\0\\\a0eng\c
=010  \\$a  2008212684
=022  \\$a1938-3533$l0899-1855
=035  \\$a(OCoLC)60620834$z(OCoLC)942793912$z(OCoLC)1024252810
=037  \\$aISSN_08991855$bPortico$nLippincott Williams & Wilkins
=040  \\$aOCLCS$beng$cOCLCS$dNSD$dLGG$dOCLCQ$dDLC$dOCLCF$dOCLCO$dOCLCQ$dBUF$dCASUM$dUk
=042  \\$aukblsr
=050  10$aISSN RECORD
=050  14$aRM695
=060  \4$aW1$bJO836PE
=082  14$a615.82071$223
=130  0\$aJournal of physical therapy education (Online)
=222  \0$aJournal of physical therapy education$b(Online)
=245  10$aJournal of physical therapy education.
=260  \\$a[Alexandria, Va.] :$bSection for Education, American Physical Therapy Association
=264  31$32017-$a[Hagerstown, Maryland] :$b[Wolters Kluwer Health, on behalf of Education Section, American Physical Therapy Association]
=310  \\$aQuarterly,$b2016-
=321  \\$aSemiannual
=336  \\$atext$2rdacontent
=337  \\$acomputer$2rdamedia
=338  \\$aonline resource$2rdacarrier
=362  1\$aPrint began with v. 1, no. 1 (winter 1987).
=530  \\$aAlso issued in print.
=538  \\$aMode of access: World Wide Web.
=540  \\$aCurrent copyright fee: GBP32.00$c20\0$5Uk
=588  \\$aDescription based on: Vol. 22 (spring 2008) (viewed publishers website July 30, 2008).
=588  \\$aLatest issue consulted: volume 32, issue 3 (September 2018) (www.journals.lww.com, viewed November 16, 2018).
=650  \0$aPhysical therapy$xStudy and teaching$vPeriodicals.
=650  \7$aPhysical therapy$xStudy and teaching.$2fast$0(OCoLC)fst01062799
=650  \2$aPhysical Therapy (Specialty)$xeducation$vPeriodicals.
=655  \7$aPeriodicals.$2fast$0(OCoLC)fst01411641
=655  \4$aFulltext.
=655  \4$aInternet Resources.
=655  \4$aPeriodicals.
=710  2\$aAmerican Physical Therapy Association.$bSection for Education.
=776  1\$tJournal, physical therapy education$x0899-1855
=852  \\$aBritish Library$bDSC$j5036.215800$3Volume 32:Issue 1(2018)-Volume 34:Issue 4(2020)
=852  41$aBritish Library$bHMNTS$jELD Digital store$3Volume 29:Issue 1(2016)-
=856  \\$31850-9999$uhttp://journals.lww.com/pages/default.aspx$xBLDSS
=856  40$uhttp://www.aptaeducation.org
=856  40$uhttps://journals.lww.com/jopte/Pages/default.aspx
=856  40$uhttp://gateway.proquest.com/openurl?ctx_ver=Z39.88-2003&res_id=xri:ItemLocation:pqd&rft_val_fmt=ori:fmt:kev:mtx:journal&genre=journal&req_dat=xri:pqil:pq_clntid=58117&res_dat=xri:pqil:res_ver=0.2&svc_id=xri:pqil:context=title&rft_id=xri:pqd:PMID=39283
=859  \\$aXLD$bejournal$cSFX
=859  \\$aELD$bejournal
=945  \\$aJournal of Physical Therapy Education.
=959  \\$fCurrently available
=979  \\$aBritish Library$bDSC$j5036.215800
=CAT  \\$a10983$b40$c20171229$lBLL01$h1402
=CAT  \\$a5552$b40$c20180212$lBLL01$h0902
=CAT  \\$aBATCH-UPD$b40$c20180214$lBLL01$h0104
=CAT  \\$aBLDSS-3PM$b00$c20180226$lBLL01$h1340
=CAT  \\$aBATCH-UPD$b00$c20180226$lBLL01$h1350
=CAT  \\$a10983$b40$c20180324$lBLL01$h0845
=CAT  \\$a8055$b40$c20180627$lBLL01$h1314
=CAT  \\$a10806$b40$c20181116$lBLL01$h1429
=CAT  \\$a12654$b40$c20230801$lBLL01$h1235
=CAT  \\$a5410$b40$c20230814$lBLL01$h1120
=CFI  0\$aCurrent copyright fee: GBP32.00$c20\0$e12-feb-2018$fGBP32.00$g0$hP$5Uk
=EST  \\$a1
=FFP  \\$aY$bBLDSS-3PM
=FIN  \\$aY$d20181116
=FMT  \\$a  SE
=LAS  \\$a5410$b40$c20230814$lBLL01$h1120
=MNI  \\$a0899-1855
=SID  \\$aZ39$bOCLC
=TOC  \\$aETOC
=UNO  \\$aY

