=LDR  05782cas a2201273 i 4500
=001  017455852
=003  Uk
=005  20230511163114.0
=006  m\\\\\o\\d\\\\\\\\
=007  cr\mnu||||||||
=008  000804c19749999ilubr\pso\\\\\0\\\a0eng\c
=010  \\$a  2001211392$z  2001227346
=016  7\$a2063374-9$2DE-600
=022  \\$a1537-5277$l0093-5301$21
=035  \\$a(OCoLC)44721998$z(OCoLC)48417873$z(OCoLC)223368072$z(OCoLC)225957638$z(OCoLC)740963639$z(OCoLC)779655463$z(OCoLC)793531215$z(OCoLC)960169287
=037  \\$aJCR$bOxford University Press
=037  3\$aISSN_00935301_0$bPortico$nOxford University Press
=040  \\$aPIT$beng$cPIT$dOCL$dIUL$dNSD$dOCLCQ$dEYM$dOCLCQ$dWEA$dOCLCQ$dOCLCF$dUMC$dDLC$dCSU$dOCLCO$dT5N$dDLC$dOCLCQ$dDEBBG$dWT2$dUk$erda$epn
=042  \\$aukblsr
=050  14$aHF5415.3
=082  04$a658.834205$223
=210  0\$aJ. consum. res.$b(Online, Univ. Chic., Press)
=222  \4$aThe journal of consumer research$b(Online. University of Chicago Press)
=245  04$aThe journal of consumer research.
=246  13$aJCR
=246  14$aConsumer research,$f1974
=264  \1$aChicago, Illinois :$bJournal of Consumer Research,$c[1974]-
=264  21$31990-2014 :$aChicago, IL :$bUniversity of Chicago Press
=264  31$32015- :$aCary, NC :$bOxford University Press
=300  \\$billustrations
=310  \\$aBimonthly,$bJune 2007-
=321  \\$aQuarterly,$b1974-Mar. 2007
=336  \\$atext$btxt$2rdacontent
=337  \\$acomputer$bc$2rdamedia
=338  \\$aonline resource$bcr$2rdacarrier
=362  1\$aBegan with Volume 1, number 1 (June 1974).
=540  \\$aCurrent copyright fee: GBP12.00$c29\0$5Uk
=550  \\$aVols. for June 1974- co-sponsored by American Association for Public Opinion Research and others.
=588  \\$aDescription based on: Volume 1, number 1 (June 1974); title from PDF masthead (JSTOR, viewed April 3, 2014).
=588  \\$aLatest issue consulted: volume 44, issue 3 (October 2017) (Oxford Acedemic, viewed October 3, 2017).
=650  \0$aConsumer behavior$vPeriodicals.
=650  \0$aMotivation research (Marketing)$vPeriodicals.
=650  \7$aConsumer behavior.$2fast$0(OCoLC)fst00876238
=650  \7$aMotivation research (Marketing)$2fast$0(OCoLC)fst01027548
=653  \\$aJournal
=653  \\$aOnline Journal
=655  \0$aElectronic journals.
=655  \7$aPeriodicals.$2fast$0(OCoLC)fst01411641
=690  7\$aManagement and Business Studies$2blcoll
=710  2\$aAmerican Association for Public Opinion Research,$esponsoring body.
=710  2\$aUniversity of Chicago.$bPress.
=776  08$iAlso issued in print as:$tJournal of consumer research$x0093-5301
=787  0\$tMonographs of the journal of consumer research (Online)$x2372-8574
=852  41$aBritish Library$bHMNTS$jELD Digital store$3Volume 40:Issue 6(2014)-
=852  \\$aBritish Library$bDSC$j4965.215000$3Volume 41:Issue 1(2014)-Volume 47:Issue 4(2020)***See ESTAR for full holdings.
=856  \\$31850-9999$uhttp://www.oxfordjournals.org/$xBLDSS
=856  40$uhttps://academic.oup.com/jcr/issue
=856  40$uhttp://jcr.oxfordjournals.org/
=856  40$uhttp://jcr.oxfordjournals.org
=856  40$uhttp://www.journals.uchicago.edu/JCR/journal/index.html
=856  40$uhttp://www.jstor.org/journals/00935301.html
=859  \\$aELD$bejournal
=859  \\$aXLD$bejournal$cSFX
=945  \\$aJournal of consumer research.
=959  \\$fCurrently available
=979  \\$aBritish Library$bDSC$j4965.215000
=985  \\$aISSN UK note: responsibility transfer from US to UK in progress (Richard, 23/09/15)
=ACF  \\$aPrevious copyright fee: GBP9.00$c29\0$e01-apr-2022$fGBP9.00$g0$hP$5Uk
=ACF  \\$aPrevious Copyright Fee: GBP6.00$c29\0$e08-dec-2015$fGBP6.00$g0$hP$5Uk
=ACF  \\$aPrevious Copyright Fee: GBP8.00$c29\0$e01-jan-2017$fGBP8.00$g0$hP$5Uk
=ACF  \\$aPrevious Copyright Fee: GBP8.00$c29\0$e01-jan-2020$fGBP8.00$g0$hP$5Uk
=CAT  \\$a11313$b40$c20150722$lBLL01$h1331
=CAT  \\$aBATCH-UPD$b40$c20160413$lBLL01$h1829
=CAT  \\$aBATCH-UPD$b40$c20160523$lBLL01$h0757
=CAT  \\$aBATCH-UPD$b40$c20160524$lBLL01$h2216
=CAT  \\$a5552$b40$c20161103$lBLL01$h0915
=CAT  \\$aIPL-CLA$c20161231$lBLL01$h0023
=CAT  \\$a8124$b40$c20171003$lBLL01$h1451
=CAT  \\$a8124$b40$c20171003$lBLL01$h1452
=CAT  \\$aBATCH-MBS$c20171006$lBLL01$h2131
=CAT  \\$aW1711-1005$c20171206$lBLL01$h1828
=CAT  \\$aW1910-0530$c20191007$lBLL01$h1114
=CAT  \\$aR1911-1518$c20191206$lBLL01$h1437
=CAT  \\$aIPL-CLA$c20191231$lBLL01$h2041
=CAT  \\$a8323$b40$c20200217$lBLL01$h0819
=CAT  \\$a12654$b40$c20210426$lBLL01$h1003
=CAT  \\$a5410$b40$c20211005$lBLL01$h0841
=CAT  \\$aBATCH-UPD$b40$c20220308$lBLL01$h1740
=CAT  \\$aIPL-CLA$c20220331$lBLL01$h1953
=CAT  \\$a12654$b40$c20230222$lBLL01$h1032
=CAT  \\$a12654$b40$c20230222$lBLL01$h1035
=CAT  \\$aS2302-1302$c20230322$lBLL01$h1708
=CAT  \\$a12654$b40$c20230329$lBLL01$h1338
=CAT  \\$aIPL-CLA$c20230331$lBLL01$h1547
=CAT  \\$a12654$b40$c20230417$lBLL01$h1147
=CAT  \\$aBATCH-SUPP$c20230426$lBLL01$h1111
=CAT  \\$aBATCH-FIX$c20230511$lBLL01$h1631
=CFI  0\$aCurrent copyright fee: GBP12.00$c29\0$e17-apr-2023$fGBP12.00$g0$hP$5Uk
=CFI  2\$aPrevious copyright fee: GBP32.00$c29\0$e01-apr-2023$fGBP32.00$g0$hP$5Uk
=EST  \\$a1
=FFP  \\$aY$bBLDSS-3PM
=FIN  \\$aY$d20150722
=FMT  \\$a  SE
=LAS  \\$aBATCH-FIX$b00$c20230511$lBLL01$h1631
=LET  \0$aJournal of consumer research (Electronic)
=LKR  \\$aPAR$b010488875$lBLL01$nJournal of consumer research (Print)$mJournal of consumer research (Online)$r776
=SID  \\$aZ39$bOCLC
=TOC  \\$aETOC
=UNO  \\$aY

