=LDR  05894cas a2201333 i 4500
=001  018716071
=003  Uk
=005  20230920011817.0
=006  m\\\\\o\\d\\\\\\\\
=007  cr\|||||||||||
=008  100719c20109999xxubr\p\o\\\\\0\\\a0eng\\
=010  \\$a  2010202080
=015  \\$aGBC117285$2bnb
=016  7\$a2583634-1$2DE-600
=016  7\$a101540874$2DNLM
=022  \\$a2156-5376$y2161-8313$l2161-8313
=035  \\$a(OCoLC)648786154$z(OCoLC)858858713$z(OCoLC)967829047$z(OCoLC)1011220286$z(OCoLC)1019993304$z(OCoLC)1024275357$z(OCoLC)1028108678$z(OCoLC)1050722866$z(OCoLC)1058096251$z(OCoLC)1105233807$z(OCoLC)1130886031
=037  \\$a???$bOxford University Press
=037  3\$aISSN_21618313$bPortico$nOxford University Press
=040  \\$aDLC$beng$cDLC$dDLC$dHEBIS$dDLC$dNLM$dDLC$dTXA$dOCLCQ$dAGL$dOCLCF$dOCLCO$dVT2$dOCLCQ$dOCLCO$dOCLCQ$dCASUM$dOCLCO$dOCLCA$dAGL$dOCLCA$dUBY$dUk
=042  \\$aukblsr
=050  14$aQP141.A1$bA295
=060  10$aW1
=070  0\$aQP141.A1$bA295
=082  10$a613.205$223
=130  0\$aAdvances in nutrition (Bethesda, Md. : Online)
=210  0\$aAdv. nutr.$b(Bethesda Md., Online)
=222  \0$aAdvances in nutrition$b(Bethesda Md., Online)
=245  10$aAdvances in nutrition.
=246  1\$aAN
=260  \\$aBethesda, MD :$bAmerican Society for Nutrition,$c©2010-
=264  21$aOxford :$bOxford University Press
=264  31$32023-$a[United States] :$bElsevier Inc.
=300  \\$aillustrations (black and white, and colour)
=310  \\$aBimonthly
=336  \\$atext$btxt$2rdacontent
=337  \\$acomputer$bc$2rdamedia
=338  \\$aonline resource$bcr$2rdacarrier
=362  1\$aBegan with: Vol. 1, no. 1 (Nov. 2010).
=515  \\$aHas supplements.
=540  \\$aCurrent Copyright Fee: zero$c5\1$5Uk
=588  \\$aDescription based on: Vol. 1, no. 1 (Nov. 2010); title from PDF cover (publisher's Web site, viewed Aug. 23, 2011).
=588  \\$aLatest issue consulted: volume 14, number 2 (March 2023) (journal homepage, viewed March 22, 2023).
=650  \0$aNutrition$vPeriodicals.
=650  \0$aDiet therapy$vPeriodicals.
=650  \7$aNutrition.$2fast$0(OCoLC)fst01042187
=650  12$aNutritional Physiological Phenomena.
=650  22$aNutritional Sciences.
=655  \7$aPeriodicals.$2fast$0(OCoLC)fst01411641
=710  2\$aAmerican Society for Nutrition,$eissuing body.
=776  08$iPrint version:$tAdvances in nutrition$x2161-8313
=852  41$aBritish Library$bHMNTS$jELD Digital store$3Volume 5:Issue 1(2014)-Volume 13:Issue 6(2022)
=852  \\$aBritish Library$bDSC$j0706.049000$3Content not received
=856  4\$31850-9999$uhttp://www.oxfordjournals.org/$xBLDSS
=856  40$uhttps://advances.nutrition.org/current
=856  40$uhttps://www.sciencedirect.com/journal/advances-in-nutrition
=856  40$uhttps://academic.oup.com/advances
=856  40$uhttp://www.ncbi.nlm.nih.gov/pmc/journals/1420/
=859  \\$aELD$bejournal
=859  \\$aXLD$bejournal$cSFX
=945  \\$aAdvances in Nutrition
=959  \\$fCurrently available
=979  \\$aBritish Library$bDSC$j0706.049000
=985  \\$aWFH record (CS), February 2021
=985  \\$aISSN responsibility transferred from U.S. to UK (12/12/22). Print ISSN responsibility left with U.S. Center - status of print format not known.
=985  \\$aISSN UK Centre: ISSN responsibility transferred to ISSN Netherlands 22/3/23.
=985  \\$aUpdated by MS generated file for WR2302-017
=ACF  \\$aPrevious copyright fee: GBP27.00$c29\0$e29-jan-2018$fGBP27.00$g0$hP$5Uk
=ACF  \\$aPrevious copyright fee: GBP28.00$c29\0$e01-jan-2019$fGBP28.00$g0$hP$5Uk
=ACF  \\$aPrevious Copyright fee: GBP22.00$c29\0$e01-apr-2022$fGBP22.00$g0$hP$5Uk
=ACF  \\$aPrevious Copyright Fee: GBP20.00$c29\0$e01-jan-2020$fGBP20.00$g0$hP$5Uk
=CAT  \\$a12654$b40$c20180129$lBLL01$h1419
=CAT  \\$aBLDSS-3PM$b00$c20180208$lBLL01$h1048
=CAT  \\$aBATCH-UPD$b00$c20180208$lBLL01$h1051
=CAT  \\$a14412$b40$c20180219$lBLL01$h1346
=CAT  \\$aBATCH-UPD$b40$c20181217$lBLL01$h1653
=CAT  \\$aIPL-CLA$c20181231$lBLL01$h1556
=CAT  \\$aW1910-0530$c20191007$lBLL01$h1114
=CAT  \\$aR1911-1518$c20191206$lBLL01$h1419
=CAT  \\$aIPL-CLA$c20191231$lBLL01$h2045
=CAT  \\$a8124$b40$c20210203$lBLL01$h0826
=CAT  \\$a8124$b40$c20210204$lBLL01$h0907
=CAT  \\$aBATCH-UPD$b40$c20220308$lBLL01$h1736
=CAT  \\$aIPL-CLA$c20220331$lBLL01$h1953
=CAT  \\$a8055$b40$c20221130$lBLL01$h1142
=CAT  \\$a10806$b40$c20221207$lBLL01$h1407
=CAT  \\$a10806$b40$c20221212$lBLL01$h0735
=CAT  \\$aW2302-0174$c20230223$lBLL01$h2019
=CAT  \\$a8055$b40$c20230315$lBLL01$h1141
=CAT  \\$aBATCH-UNOD$c20230322$lBLL01$h0124
=CAT  \\$a10973$b40$c20230322$lBLL01$h1052
=CAT  \\$a10973$b40$c20230322$lBLL01$h1306
=CAT  \\$aS2302-1302$c20230323$lBLL01$h1444
=CAT  \\$aIPL-CLA$c20230331$lBLL01$h1547
=CAT  \\$aBATCH-UNOA$c20230405$lBLL01$h0021
=CAT  \\$aS2304-0519$c20230412$lBLL01$h1141
=CAT  \\$aBATCH-SUPP$c20230426$lBLL01$h1111
=CAT  \\$a12654$b40$c20230914$lBLL01$h1407
=CAT  \\$a12654$b40$c20230914$lBLL01$h1409
=CAT  \\$a12654$b40$c20230919$lBLL01$h1028
=CAT  \\$aBATCH-UNOD$c20230920$lBLL01$h0118
=CFI  0\$aCurrent Copyright Fee: zero$c5\1$e19-sep-2023$fGBP0.00$g0$hP$5Uk
=CFI  2\$aPrevious Copyright Fee: zero$c0$e14-sep-2023$fGBP0.00$g0$hC$5Uk
=CFI  2\$aPrevious Copyright Fee: GBP32.00$c29\0$e01-apr-2023$fGBP32.00$g0$hP$5Uk
=CFI  2\$aPrevious copyright fee: zero$c5\1$e15-mar-2023$fGBP0.00$g0$hP$5Uk
=EST  \\$a1
=FFP  \\$aY$bBLDSS-3PM
=FIN  \\$aY$d20210203
=FMT  \\$a  SE
=LAS  \\$aBATCH-UNOD$b00$c20230920$lBLL01$h0118
=LET  \0$aAdvacnces in nutrition (Electronic)
=MNI  \\$a2161-8313
=SID  \\$aZ39$bOCLC
=TOC  \\$aETOC

