=LDR  05663cas a2201249 i 4500
=001  018716533
=003  Uk
=005  20230426111125.0
=006  m\\\\\o\\d\\\\\\\\
=007  cr\cnu||||||||
=008  050614c19559999enkmr\pso\\\\\0\\\a0eng\c
=010  \\$a  2005264530
=022  0\$a1930-613X$202$l0026-4075
=035  \\$a(OCoLC)60623236$z(OCoLC)858838913$z(OCoLC)990484882$z(OCoLC)993933555$z(OCoLC)995461971$z(OCoLC)999402149$z(OCoLC)1002150552$z(OCoLC)1006315181$z(OCoLC)1011551522$z(OCoLC)1013899935$z(OCoLC)1019920362$z(OCoLC)1027039753$z(OCoLC)1029791154$z(OCoLC)1033551887$z(OCoLC)1038390508$z(OCoLC)1043058297$z(OCoLC)1051807206
=037  \\$amilmed$bOxford University Press
=037  3\$aISSN_00264075$bPortico$nOxford University Press
=040  \\$aOCLCS$beng$cOCLCS$dSBH$dNSD$dCGU$dOCLCQ$dVT2$dOCLCQ$dOCLCO$dOCLCQ$dOCLCA$dOCLCO$dOCLCA$dCHVBK$dOCLCO$dAPUMS$dDLC$dOCLCF$dDLC$dWYU$dAUD$dU3W$dUk
=042  \\$aukblsr$aissnuk
=050  10$aISSN RECORD
=050  \4$aRD1
=060  00$aW1$bMI488
=060  00$aFilm S01544
=082  04$a616.98023$223
=130  0\$aMilitary medicine (Online)
=210  0\$aMil. med.$b(Online)
=222  \0$aMilitary medicine$b(Online)
=245  10$aMilitary medicine.
=260  \\$aBethesda, Md. :$bAssociation of Military Surgeons of the United States
=264  31$32018-$aOxford :$bOxford University Press
=310  \\$aMonthly
=336  \\$atext$2rdacontent
=337  \\$acomputer$2rdamedia
=338  \\$aonline resource$2rdacarrier
=362  1\$aPrint began with v. 116, no. 1 (Jan. 1955).
=530  \\$aAlso issued in print.
=540  \\$aCurrent Copyright Fee: GBP42.00$c29\0$5Uk
=550  \\$aJournal of the Association of Military Surgeons of the United States.
=580  \\$aOriginal print version of this title was preceded by an earlier title called: Military surgeon.
=588  \\$aDescription based on: Vol. 169, no. 1 (Jan. 2004); title from table of contents screen (IngentaConnect, viewed Aug. 17, 2005).
=588  \\$aLatest issue consulted: Volume 183, issue 5/6 (May/June 2018) (academic.oup.com website, viewed May 7, 2018).
=650  \0$aSurgery, Military$xSocieties, etc.
=650  \0$aMedicine, Military$xSocieties, etc.
=650  \0$aMedicine, Military$vPeriodicals.
=650  \0$aSurgery, Military$vPeriodicals.
=650  \7$aMedicine, Military.$2fast$0(OCoLC)fst01015285
=650  \7$aSurgery, Military.$2fast$0(OCoLC)fst01139406
=650  \2$aMilitary Medicine$vPeriodicals.
=655  \7$aPeriodicals.$2fast$0(OCoLC)fst01411641
=655  \0$aElectronic journals.
=710  2\$aAssociation of Military Surgeons of the United States.
=770  0\$tAMSUS newsletter$w(OCoLC)240227134
=776  08$iAlso issued in print as:$tMilitary medicine$x0026-4075
=776  1\$tMilitary medicine$x0026-4075
=780  00$tMilitary surgeon (Washington, D.C. : 1907)
=852  41$aBritish Library$bHMNTS$jELD Digital store$3Volume 179:Issue 1(2014)-
=852  \\$aBritish Library$bDSC$j5768.150000$3Volume 183:Issue 1/2(2018)-Volume 187:Issue 11/12(2022)***See ESTAR for full holdings.
=856  40$uhttps://academic.oup.com/milmed
=856  \\$31850-9999$uhttp://www.oxfordjournals.org/$xBLDSS
=856  40$uhttp://www.amsus.org/MilitaryMedicine/Milmed.htm
=856  40$uhttp://www.ingentaconnect.com/content/amsus/zmm
=859  \\$aELD$bejournal
=859  \\$aXLD$bejournal$cSFX
=945  \\$aMilitary Medicine
=959  \\$fCurrently available
=979  \\$aBritish Library$bDSC$j5768.150000
=985  \\$aISSN responsibility transferred from US ISSN Center to ISSN UK, May 1 2018.
=ACF  \\$aPrevious copyright fee: GBP27.00$c29\0$e30-feb-2018$fGBP27.00$g0$hP$5Uk
=ACF  \\$aPrevious copyright fee: GBP28.00$c29\0$e01-jan-2019$fGBP28.00$g0$hP$5Uk
=ACF  \\$aPrevious Copyright Fee: GBP29.00$c29\0$e01-jan-2020$fGBP29.00$g0$hP$5Uk
=CAT  \\$a12654$b40$c20180130$lBLL01$h0925
=CAT  \\$aBLDSS-3PM$b00$c20180208$lBLL01$h1048
=CAT  \\$aBATCH-UPD$b00$c20180208$lBLL01$h1052
=CAT  \\$a14412$b40$c20180228$lBLL01$h0830
=CAT  \\$a11313$b40$c20180501$lBLL01$h1052
=CAT  \\$a11313$b40$c20180504$lBLL01$h1125
=CAT  \\$a5410$b40$c20181116$lBLL01$h1519
=CAT  \\$aBATCH-UPD$b40$c20181217$lBLL01$h1653
=CAT  \\$aIPL-CLA$c20181231$lBLL01$h1556
=CAT  \\$a10983$b40$c20190309$lBLL01$h0959
=CAT  \\$a10983$b40$c20190309$lBLL01$h1000
=CAT  \\$a10806$b40$c20190417$lBLL01$h1325
=CAT  \\$a5410$b40$c20190703$lBLL01$h1451
=CAT  \\$aW1910-0530$c20191007$lBLL01$h1114
=CAT  \\$aR1911-1518$c20191206$lBLL01$h1406
=CAT  \\$aIPL-CLA$c20191231$lBLL01$h2045
=CAT  \\$aBATCH-UPD$b00$c20220308$lBLL01$h1729
=CAT  \\$aIPL-CLA$c20220331$lBLL01$h1953
=CAT  \\$a8055$b40$c20221116$lBLL01$h1240
=CAT  \\$a10806$b40$c20221117$lBLL01$h0904
=CAT  \\$aS2302-1302$c20230322$lBLL01$h1708
=CAT  \\$aS2302-1302$c20230323$lBLL01$h1443
=CAT  \\$aIPL-CLA$c20230331$lBLL01$h1547
=CAT  \\$aS2304-0519$c20230412$lBLL01$h1141
=CAT  \\$aBATCH-SUPP$c20230426$lBLL01$h1111
=CFI  0\$aCurrent Copyright Fee: GBP42.00$c29\0$e01-apr-2023$fGBP42.00$g0$hP$5Uk
=CFI  2\$aPrevious copyright fee: GBP32.00$c29\0$e01-apr-2022$fGBP32.00$g0$hP$5Uk
=EST  \\$a1
=FFP  \\$aY$bBLDSS-3PM
=FIN  \\$aY$d20190417
=FMT  \\$a  SE
=LAS  \\$aBATCH-SUPP$b00$c20230426$lBLL01$h1111
=LET  \0$aMilitary medicine (Electronic)
=LKR  \\$aPAR$b007535683$lBLL01$r776$mMilitary medicine (Online)$nMilitary medicine (Print)
=MNI  \\$a0026-4075
=SID  \\$aZ39$bOCLC
=TOC  \\$aETOC
=UNO  \\$aY

