=LDR  04680cas a2201069 i 4500
=001  018716580
=003  Uk
=005  20230511163135.0
=006  m\\\\\\\\d\\\\\\\\
=007  cr\|||||||||||
=008  180130c19549999ncumr\p\s\\\\\0\\\a0eng\\
=022  0\$a1938-3207$l0002-9165
=037  \\$a???$bOxford University Press
=037  3\$aISSN_00029165$bPortico$nOxford University Press
=040  \\$aUk$beng$cUk$dUk$erda
=042  \\$aukblsr
=082  04$a613.205$223
=210  0\$aAm. j. clin. nutr.$b(Online)
=222  \4$aThe American journal of clinical nutrition$b(Online)
=245  00$aAmerican journal of clinical nutrition.
=246  3\$aAJCN
=264  \1$aBethesda, Md :$bAmerican Society for Nutrition, with the assistance of Highwire Press
=264  21$32018-$a[Cary, North Carolina] :$bOxford University Press
=264  31$32023-$a[United States] :$bElsevier Inc.
=310  \\$aMonthly
=336  \\$atext$2rdacontent
=337  \\$acomputer$2rdamedia
=338  \\$aonline resource$2rdacarrier
=362  1\$aPrint began with vol. 2, no. 4 (July-Aug. 1954).
=538  \\$aMode of access: World Wide Web.
=540  \\$aCurrent copyright fee: GBP34.30$c5\1$5Uk
=588  \\$aLatest issue consulted: volume 117, issue 2 (March 2023) (ScienceDirect, viewed March 22, 2023).
=650  \0$aDiet therapy$vPeriodicals.
=650  \0$aNutrition$vPeriodicals.
=650  \0$aDietetics$vPeriodicals.
=710  2\$aAmerican Society for Nutrition,$eissuing body.
=710  2\$aAmerican Society for Clinical Nutrition,$eissuing body.
=776  08$iAlso issued in print as:$tAmerican journal of clinical nutrition$x0002-9165
=780  00$tJournal of clinical nutrition (Online)$x1938-3215
=852  \\$aBritish Library$bDSC$j0823.000000$3Content not received
=852  41$aBritish Library$bHMNTS$jELD Digital store$3Volume 99:Issue 1(2014)-Volume 116:Issue 6(2022)***Previous issues available in print copy
=856  40$31850-9999$uhttp://www.oxfordjournals.org/$xBLDSS
=856  40$uhttps://academic.oup.com/ajcn/
=856  40$uhttps://www.sciencedirect.com/journal/the-american-journal-of-clinical-nutrition
=856  40$uhttps://ajcn.nutrition.org/
=859  \\$aELD$bejournal
=859  \\$aXLD$bejournal$cSFX
=945  \\$aAmerican journal of clinical nutrition.
=959  \\$fCurrently available
=979  \\$aBritish Library$bDSC$j0823.000000
=985  \\$aISSN responsibility transferred from U.S. Center to UK (01/05/18).
=985  \\$aISSN UK Centre: ISSN responsibility transferred to ISSN Netherlands 22/3/23.
=ACF  \\$aPrevious Copyright Fee: GBP20.00$c29\0$e01-jan-2020$fGBP20.00$g0$hP$5Uk
=ACF  \\$aPrevious copyright fee: GBP27.00$c29\0$e30-jan-2018$fGBP27.00$g0$hP$5Uk
=ACF  \\$aPrevious copyright fee: GBP28.00$c29\0$e01-jan-2019$fGBP28.00$g0$hP$5Uk
=CAT  \\$a12654$b40$c20180130$lBLL01$h1042
=CAT  \\$aBLDSS-3PM$b00$c20180208$lBLL01$h1048
=CAT  \\$aBATCH-UPD$b00$c20180208$lBLL01$h1052
=CAT  \\$a10806$b40$c20180501$lBLL01$h0955
=CAT  \\$a10806$b40$c20180501$lBLL01$h0956
=CAT  \\$a10806$b40$c20180501$lBLL01$h1035
=CAT  \\$a10902$b40$c20180502$lBLL01$h0857
=CAT  \\$a10806$b40$c20180502$lBLL01$h1433
=CAT  \\$a11313$b40$c20180504$lBLL01$h1019
=CAT  \\$a10806$b40$c20180509$lBLL01$h0853
=CAT  \\$aBATCH-UPD$b40$c20181217$lBLL01$h1653
=CAT  \\$aIPL-CLA$c20181231$lBLL01$h1556
=CAT  \\$aW1910-0530$c20191007$lBLL01$h1114
=CAT  \\$aR1911-1518$c20191206$lBLL01$h1419
=CAT  \\$aIPL-CLA$c20191231$lBLL01$h2045
=CAT  \\$aBATCH-UPD$b00$c20220308$lBLL01$h1736
=CAT  \\$aIPL-CLA$c20220331$lBLL01$h1953
=CAT  \\$a8055$b40$c20221130$lBLL01$h1257
=CAT  \\$a8055$b40$c20230315$lBLL01$h1238
=CAT  \\$aBATCH-UNOD$c20230322$lBLL01$h0124
=CAT  \\$a10973$b40$c20230322$lBLL01$h1236
=CAT  \\$a10973$b40$c20230322$lBLL01$h1309
=CAT  \\$aS2302-1302$c20230323$lBLL01$h1443
=CAT  \\$a12654$b40$c20230329$lBLL01$h1346
=CAT  \\$a12654$b40$c20230330$lBLL01$h0735
=CAT  \\$aBATCH-FIX$c20230511$lBLL01$h1631
=CFI  0\$aCurrent copyright fee: GBP34.30$c5\1$e15-mar-2023$fGBP34.30$g0$hP$5Uk
=CFI  2\$aPrevious copyright fee: GBP22.00$c29\0$e01-apr-2022$fGBP22.00$g0$hP$5Uk
=EST  \\$a1
=FFP  \\$aY$bBLDSS-3PM
=FIN  \\$aY$d20180501
=FMT  \\$a  SE
=LAS  \\$aBATCH-FIX$b00$c20230511$lBLL01$h1631
=LET  \0$aAmerican journal of clinical nutrition (Electronic)
=LKR  \\$aPAR$b009829352$lBLL01$r776$mThe American journal of clinical nutrition (Online)$nThe American journal of clinical nutrition
=MNI  \\$a0002-9165
=TOC  \\$aETOC

