=LDR  04831cas a2201153 i 4500
=001  018716603
=003  Uk
=005  20230920011817.0
=006  m\\\\\\\\d\\\\\\\\
=007  cr\|||||||||||
=008  180130c19289999ncumr\p\s\\\\\0\\\a0eng\\
=015  \\$aGBC117289$2bnb
=022  \\$a1541-6100$202$l0022-3166
=037  \\$ajn$bOxford University Press
=037  3\$aISSN_00223166$bPortico$nOxford University Press
=040  \\$aUk$beng$cUk$dUk$erda
=042  \\$aissnuk$aukblsr
=082  04$a613.205$223
=130  0\$aJournal of nutrition (Philadelphia, Pa.)
=210  0\$aJ. nutr.$b(Online)
=222  \4$aThe journal of nutrition$b(Online)
=245  14$aThe Journal of nutrition.
=246  13$aJN
=264  \1$aBethesda, MD :$bAmerican Institute of Nutrition
=264  21$a[Cary, North Carolina] :$bOxford University Press
=264  31$a[Amsterdam?] :$bElsevier Inc.
=300  \\$billustrations (black and white, and colour)
=310  \\$aMonthly
=336  \\$atext$2rdacontent
=337  \\$acomputer$2rdamedia
=338  \\$aonline resource$2rdacarrier
=362  0\$aVolume 1, number 1 (September 1928)-
=500  \\$aDescription based on: Print version record.
=538  \\$aMode of access: World Wide Web.
=540  \\$aCurrent Copyright Fee: GBP34.30$c5\1$5Uk
=588  \\$aLatest issue consulted: volume 153, Issue 3 (March 2023) (ScienceDirect, viewed March 22, 2023).
=650  \0$aNutrition$vPeriodicals.
=650  \0$aDiet$vPeriodicals.
=710  2\$aAmerican Institute of Nutrition.
=710  2\$aAmerican Society for Nutritional Sciences.
=710  2\$aAmerican Society for Nutrition,$eissuing body.
=776  08$iAlso issued in print as:$tJournal of nutrition (Philadelphia, Pa.)$x0022-3166
=852  41$aBritish Library$bHMNTS$jELD Digital store$3Volume 144:Issue 1(2014)-Volume 152:Issue 12(2022)***Previous issues available in print copy
=852  \\$aBritish Library$bDSC$j5024.000000$3Content not received
=856  40$uhttps://www.sciencedirect.com/journal/the-journal-of-nutrition
=856  40$uhttps://jn.nutrition.org/
=856  4\$31850-9999$uhttp://www.oxfordjournals.org/$xBLDSS
=856  40$uhttps://academic.oup.com/jn
=859  \\$aELD$bejournal
=859  \\$aXLD$bejournal$cSFX
=945  \\$aJournal of nutrition.
=959  \\$fCurrently available
=979  \\$aBritish Library$bDSC$j5024.000000
=985  \\$aISSN responsibility transferred from U.S. to UK (01/05/18)
=985  \\$aWFH record (CS), February 2021
=ACF  \\$aPrevious copyright fee: GBP27.00$c29\0$e30-jan-2018$fGBP27.00$g0$hP$5Uk
=ACF  \\$aPrevious copyright fee: GBP28.00$c29\0$e01-jan-2019$fGBP28.00$g0$hP$5Uk
=ACF  \\$aPrevious copyright fee: GBP22.00$c29\0$e01-apr-2022$fGBP22.00$g0$hP$5Uk
=ACF  \\$aPrevious Copyright Fee: GBP20.00$c29\0$e01-jan-2020$fGBP20.00$g0$hP$5Uk
=CAT  \\$a12654$b40$c20180130$lBLL01$h1104
=CAT  \\$a10806$b40$c20180424$lBLL01$h1142
=CAT  \\$a10806$b40$c20180424$lBLL01$h1143
=CAT  \\$a10806$b40$c20180424$lBLL01$h1146
=CAT  \\$a10806$b40$c20180501$lBLL01$h1047
=CAT  \\$a10983$b40$c20180721$lBLL01$h0906
=CAT  \\$aBATCH-UPD$b40$c20181217$lBLL01$h1653
=CAT  \\$aIPL-CLA$c20181231$lBLL01$h1556
=CAT  \\$a8055$b40$c20190807$lBLL01$h1503
=CAT  \\$aW1910-0530$c20191007$lBLL01$h1114
=CAT  \\$aR1911-1518$c20191206$lBLL01$h1419
=CAT  \\$aIPL-CLA$c20191231$lBLL01$h2045
=CAT  \\$a8124$b40$c20210203$lBLL01$h1234
=CAT  \\$a8124$b40$c20210204$lBLL01$h0915
=CAT  \\$aBATCH-UPD$b40$c20220308$lBLL01$h1736
=CAT  \\$aIPL-CLA$c20220331$lBLL01$h1953
=CAT  \\$a8055$b40$c20221130$lBLL01$h1448
=CAT  \\$a8055$b40$c20230315$lBLL01$h1430
=CAT  \\$aBATCH-UNOD$c20230322$lBLL01$h0124
=CAT  \\$a8483$b40$c20230322$lBLL01$h1118
=CAT  \\$a8483$b40$c20230322$lBLL01$h1119
=CAT  \\$aS2302-1302$c20230323$lBLL01$h1443
=CAT  \\$aIPL-CLA$c20230331$lBLL01$h1547
=CAT  \\$aBATCH-UNOA$c20230405$lBLL01$h0021
=CAT  \\$aS2304-0519$c20230412$lBLL01$h1141
=CAT  \\$aBATCH-SUPP$c20230426$lBLL01$h1111
=CAT  \\$a12654$b40$c20230914$lBLL01$h1413
=CAT  \\$aBATCH-UNOD$c20230920$lBLL01$h0118
=CFI  0\$aCurrent Copyright Fee: GBP34.30$c5\1$e14-sep-2023$fGBP34.30$g0$hP$5Uk
=CFI  2\$aPrevious Copyright Fee: GBP32.00$c29\0$e01-apr-2023$fGBP32.00$g0$hP$5Uk
=CFI  2\$aPrevious Copright Fee: GBP34.30$c5\1$e15-mar-2023$fGBP34.30$g0$hP$5Uk
=EST  \\$a1
=FFP  \\$aY$bBLDSS-3PM
=FIN  \\$aY$d20180424
=FMT  \\$a  SE
=LAS  \\$aBATCH-UNOD$b00$c20230920$lBLL01$h0118
=LET  \4$aThe journal of nutrition (Electronic)
=LKR  \\$aPAR$b010491127$lBLL01$r776$mJournal of nutrition (Online)$nJournal of nutrition (Print)
=MNI  \\$a0022-3166
=TOC  \\$aETOC

