=LDR  03696cas a2200829 i 4500
=001  018936962
=003  Uk
=005  20230823084305.0
=006  m\\\\\\\\d\|||||||
=007  cr||||||||||||
=008  180705c20189999nyubr\p\\\\\\\0\\\a0eng\\
=015  \\$aGBB8H7139$2bnb
=022  \\$a2576-2281
=037  \\$aISSN_25762273$bPortico$nWolters Kluwer Health
=040  \\$aUk$beng$cUk$dUk$erda
=042  \\$aukblsr
=082  04$a616.8$223
=222  \0$aBrain & life$b(Online)
=245  00$aBrain & life :$bneurology for everyday living.
=246  3\$aBrain and life
=264  \1$aNew York, NY :$bWolters Kluwer,$c2018-
=310  \\$aBimonthly
=336  \\$atext$2rdacontent
=337  \\$acomputer$2rdamedia
=338  \\$aonline resource$2rdacarrier
=362  0\$aApril/May 2018-
=500  \\$a"An official publication of the American Academy of Neurology."
=500  \\$aTitle from thumbnail cover image (publisher's Web site, viewed October 01, 2018).
=525  \\$aSet includes quarterly Spanish supplements (Primavera, Verano, Otoňo, Invierno) entitled: Brain & life en espaňola: neurologia para la vida diaria.
=540  \\$aCurrent copyright fee: GBP32.00$c20\0$5Uk
=588  \\$aLatest issue consulted: August/September 2018.
=650  \0$aNeurology$vPeriodicals.
=650  \0$aNervous system diseases$vPeriodicals.
=710  2\$aAmerican Academy of Neurology,$eissuing body.
=776  08$iAlso issued in print as:$tBrain & life$x2576-2273
=780  00$tNeurology now (Online)$x1553-328X
=852  41$aBritish Library$bHMNTS$jELD Digital store$3Volume 14:Issue 2(2018)-
=852  \\$aBritish Library$bDSC$j2268.042000
=856  40$31850-9999$uhttp://journals.lww.com/pages/default.aspx$xBLDSS
=856  40$uhttps://www.brainandlife.org/the-magazine/
=856  40$uhttps://www.brainandlife.org/the-magazine/spanish/$zSpanish supplements
=859  \\$aXLD$bejournal$cSFX
=859  \\$aELD$bejournal
=945  \\$aBrain and life
=959  \\$fCurrently available
=979  \\$aBritish Library$bDSC$c2268.042000
=985  \\$aSpanish version with different frequency is a supplement. Editorial page: Primavera 2018: "Brain & Life en Español es un suplemento de Brain & Life que se publica en Abril, Agosto y Octubre de 2018" - debated whether to do separate record. But an issue has already been added as a supplement here (2017) (+ to its predecessor) and would have meant doing separate record, and getting new ISSN from US. So seemed best to carry on adding here - GC 23/6/22.
=CAT  \\$a5552$b40$c20180705$lBLL01$h0851
=CAT  \\$aBLDSS-3PM$b00$c20180723$lBLL01$h1541
=CAT  \\$aBATCH-UPD$b00$c20180723$lBLL01$h1550
=CAT  \\$a14586$b40$c20180906$lBLL01$h1133
=CAT  \\$a10973$b40$c20181001$lBLL01$h1253
=CAT  \\$a10983$b40$c20181008$lBLL01$h1013
=CAT  \\$a12654$b40$c20210506$lBLL01$h0816
=CAT  \\$a10806$b40$c20210511$lBLL01$h1104
=CAT  \\$a3072$b40$c20220623$lBLL01$h1400
=CAT  \\$a12654$b40$c20230802$lBLL01$h1221
=CAT  \\$a12654$b40$c20230802$lBLL01$h1222
=CAT  \\$a5410$b40$c20230817$lBLL01$h1127
=CAT  \\$a5410$b40$c20230817$lBLL01$h1128
=CAT  \\$a5410$b40$c20230823$lBLL01$h0841
=CAT  \\$a5410$b40$c20230823$lBLL01$h0842
=CAT  \\$a5410$b40$c20230823$lBLL01$h0843
=CFI  0\$aCurrent copyright fee: GBP32.00$c20\0$e05-jul-2018$fGBP32.00$g0$hP$5Uk
=FFP  \\$aY$bBLDSS-3PM
=FIN  \\$aY$d20181001
=FMT  \\$a  SE
=LAS  \\$a5410$b40$c20230823$lBLL01$h0843
=LKR  \\$aPAR$b017375282$lBLL01$r78000$mBrain & life : neurology for everyday living.$nNeurology now (Online)
=MNI  \\$a2576-2273
=TOC  \\$aETOC
=UNO  \\$aY

