=LDR  05450cas a2201153 i 4500
=001  016283728
=003  Uk
=005  20230426111043.0
=006  m\\\\\|\\d\|\\\\\\
=007  cr\|||||||||||
=008  130226c19429999ncumr\p\o\\\\\0\\\a0eng\\
=015  \\$aGBB575642$2bnb
=022  \\$a1554-6578$202$l0022-3069$y0022-3069
=037  \\$aISSN_00223069$bPortico$nLippincott Williams & Wilkins
=037  2\$aJNEN$bOxford University Press
=037  3\$aISSN_00223069_4$bPortico$nOxford University Press
=040  \\$aUk$beng$cUk$dUk$erda
=042  \\$aukblsr$aissnuk
=082  04$a616.8047$223
=210  0\$aJ. neuropathol. exp. neurol.$b(Online)
=222  \0$aJournal of neuropathology and experimental neurology$b(Online)
=245  00$aJournal of neuropathology and experimental neurology.
=264  \1$aNew York, N.Y. :$bAssociation of the Journal of Neuropathology and Experimental Neurology,$c1942-
=264  21$a[Philadelphia] :$bLippincott, Williams & Wilkins
=264  31$32016-$a[Cary, North Carolina] :$bOxford University Press
=310  \\$aMonthly
=336  \\$atext$2rdacontent
=337  \\$acomputer$2rdamedia
=338  \\$aonline resource$2rdacarrier
=362  1\$aPrint began with vol. 1 (Jan. 1942).
=540  \\$aCurrent Copyright Fee: GBP32.00$c29\0$5Uk
=588  \\$aDescription based on print version record.
=588  \\$aLatest issue consulted: volume 75, issue 5 (May 2016) (Oxford Journals website, viewed May 12, 2016).
=650  \0$aNeurology$xDiseases$vPeriodicals.
=650  \0$aNeurology$xDiseases$xPhysiopathology$vPeriodicals.
=710  2\$aAmerican Association of Neuropathologists,$eissuing body.
=776  08$iAlso issued in print as:$tJournal of neuropathology and experimental neurology$x0022-3069
=852  41$aBritish Library$bSTI$jELD Digital store$3Volume 73:Issue 8(2014:Aug.)-
=852  41$aBritish Library$bDSC$j5021.700000$3Volume 73:Issue 4(2014)-Volume 81:Issue 7(2022)
=856  \\$31850-9999$uhttp://journals.lww.com$xBLDSS
=856  40$uhttp://journals.lww.com/jneuropath/pages/default.aspx
=856  40$uhttp://jnen.oxfordjournals.org/
=859  \\$aELD$bejournal
=859  \\$aXLD$bejournal$cSFX
=945  \\$aJournal of neuropathology and experimental neurology
=959  \\$fCurrently available
=979  \\$aBritish Library$bDSC$j5021.700000
=985  \\$aISSN responsibility transferred from the US Center 3.2.16 (multinational publisher agreement).
=ACF  \\$aPrevious copyright fee: GBP29.38$c20\0$e26-feb-2013$fGBP29.38$g0$hP$5Uk
=ACF  \\$aPrevious copyright fee: GBP30.32$c20\0$e01-jul-2013$fGBP30.32$g0$hP$5Uk
=ACF  \\$aPrevious copyright fee: GBP29.38$c20\0$e01-jan-2014$fGBP29.38$g0$hP$5Uk
=ACF  \\$aPrevious copyright fee: GBP28.48$c20\0$e01-jul-2014$fGBP28.48$g0$hP$5Uk
=ACF  \\$aPrevious copyright fee: GBP30.32$c20\0$e01-apr-2015$fGBP30.32$g0$hP$5Uk
=ACF  \\$aPrevious copyright fee: GBP30.32$c20\0$e01-oct-2015$fGBP30.32$g0$hP$5Uk
=ACF  \\$aPrevious copyright fee: GBP31.33$c20\0$e01-jul-2015$fGBP31.33$g0$hP$5Uk
=ACF  \\$aPrevious copyright fee: GBP24.00$c29\0$e09-feb-2016$fGBP24.00$g0$hP$5Uk
=ACF  \\$aPrevious copyright fee: GBP26.00$c29\0$e01-jan-2017$fGBP26.00$g0$hP$5Uk
=ACF  \\$aPrevious copyright fee: GBP27.00$c29\0$e01-jan-2018$fGBP27.00$g0$hP$5Uk
=ACF  \\$aPrevious copyright fee: GBP28.00$c29\0$e01-jan-2019$fGBP28.00$g0$hP$5Uk
=ACF  \\$aPrevious Copyright Fee: GBP20.00$c29\0$e01-jan-2020$fGBP20.00$g0$hP$5Uk
=CAT  \\$a12654$b40$c20130226$lBLL01$h1440
=CAT  \\$a14448$b40$c20160224$lBLL01$h1442
=CAT  \\$a10983$b40$c20160304$lBLL01$h1217
=CAT  \\$a8311$b40$c20160311$lBLL01$h1448
=CAT  \\$a8311$b40$c20160311$lBLL01$h1449
=CAT  \\$a10806$b40$c20160512$lBLL01$h0909
=CAT  \\$aBATCH-UPD$b40$c20160522$lBLL01$h2353
=CAT  \\$aBATCH-UPD$b40$c20160524$lBLL01$h2215
=CAT  \\$aBATCH-UPD$b40$c20161122$lBLL01$h1522
=CAT  \\$aIPL-CLA$c20161231$lBLL01$h0009
=CAT  \\$aBATCH-UPD$b00$c20171121$lBLL01$h1705
=CAT  \\$aW1711-1005$c20171206$lBLL01$h1825
=CAT  \\$aIPL-CLA$c20171231$lBLL01$h1817
=CAT  \\$aBATCH-UPD$b00$c20181217$lBLL01$h1653
=CAT  \\$aIPL-CLA$c20181231$lBLL01$h1552
=CAT  \\$a15005$b40$c20191012$lBLL01$h1305
=CAT  \\$aR1911-1518$c20191206$lBLL01$h1419
=CAT  \\$aIPL-CLA$c20191231$lBLL01$h2034
=CAT  \\$aBATCH-UPD$b00$c20220308$lBLL01$h1735
=CAT  \\$aIPL-CLA$c20220331$lBLL01$h1952
=CAT  \\$a8055$b40$c20221214$lBLL01$h1557
=CAT  \\$aS2302-1302$c20230322$lBLL01$h1708
=CAT  \\$aS2302-1302$c20230323$lBLL01$h1443
=CAT  \\$aIPL-CLA$c20230331$lBLL01$h1547
=CAT  \\$aS2304-0519$c20230412$lBLL01$h1140
=CAT  \\$aBATCH-SUPP$c20230426$lBLL01$h1110
=CFI  0\$aCurrent Copyright Fee: GBP32.00$c29\0$e01-apr-2023$fGBP32.00$g0$hP$5Uk
=CFI  2\$aPrevious copyright fee: GBP22.00$c29\0$e01-apr-2022$fGBP22.00$g0$hP$5Uk
=EST  \\$a1
=FFP  \\$aY$bBLDSS-3PM
=FIN  \\$aY$d20130418
=FMT  \\$a  SE
=LAS  \\$aBATCH-SUPP$b00$c20230426$lBLL01$h1110
=LET  \0$aJournal of neuropathology and experimental neurology (Electronic)
=LKR  \\$aPAR$b010491030$lBLL01$nJournal of neuropathology and experimental neurology (Print)$mJournal of neuropathology and experimental neurology (Online)$r776
=MNI  \\$a0022-3069
=TCO  \\$aTRS$bCCC$c008
=TOC  \\$aETOC
=UNO  \\$aY

