=LDR  04978cas a2201153 a 4500
=001  016302341
=003  Uk
=005  20230707082055.0
=006  m\\\\\o\\d\\\\\\\\
=007  cr\cnu||||||||
=008  980505c18869999ncuqr\pso\\\\\0\\\a0eng\c
=010  \\$asn 98023289
=015  \\$aGBB349050$2bnb
=022  \\$a1538-165X$l0032-3195$y0032-3195$202
=035  \\$a(OCoLC)39064101$z(OCoLC)38235714$z(OCoLC)60630044$z(OCoLC)70108811
=037  3\$aISSN_00323195_4$bPortico$nOxford University Press
=037  \\$aISSN_00323195$bPortico$nWiley
=040  \\$aEYM$beng$cEYM$dNSD$dOCLCQ$dGUA$dOCLCQ$dOCLCO$dOCLCQ$dUk
=042  \\$aukblsr$aissnuk
=050  14$aH1
=082  10$a320$223
=130  0\$aPolitical science quarterly (Online)
=210  0\$aPolit. sci. q.$b(Online)
=222  \0$aPolitical science quarterly$b(Online)
=245  10$aPolitical science quarterly$h[electronic resource] :$bPSQ.
=246  30$aPSQ
=260  \\$aNew York :$bAcademy of Political Science
=264  21$aMalden :$bJohn Wiley & Sons Inc
=264  31$32023-$aCary, NC :$bOxford University Press on behalf of the Academy of Political Science
=310  \\$aQuarterly
=336  \\$atext$2rdacontent
=337  \\$acomputer$2rdamedia
=338  \\$aonline resource$2rdacarrier
=362  1\$aBegan with vol. 1, no. 1 (Mar. 1886).
=520  \\$aVols. 4-38, 40-41 include Record of political events, Oct. 1, 1888-Dec. 31, 1925 (issued as a separately paged supplement to no. 3 of v. 31-38 and to no. 1 of v. 40).
=530  \\$aAlso issued on microfilm.
=538  \\$aMode of access: World Wide Web.
=540  \\$aCurrent Copyright Fee: GBP40.00$c29\0$5Uk
=588  \\$aDescription based on first issue; title from pdf caption (JSTOR, viewed Mar. 11, 2008).
=588  \\$aLatest issue consulted: volume 138, number 1 (spring 2023) (Oxford Academic, viewed May 23, 2023).
=650  \0$aSocial sciences$vPeriodicals.
=710  2\$aAcademy of Political Science (U.S.)
=776  08$iAlso issued in print as:$tPolitical science quarterly$x0032-3195
=852  41$aBritish Library$bDSC$j6543.914000$3Volume 128:Issue 1(2013)-Volume 132:Issue 4(2017)***See ESTAR for full holdings.
=852  41$aBritish Library$bHMNTS$jELD Digital store$3Volume 128:Issue 1(2013)-
=856  \\$31850-9999$uhttp://onlinelibrary.wiley.com/$xBLDSS
=856  40$uhttp://onlinelibrary.wiley.com/journal/10.1002/(ISSN)1538-165X
=856  40$uhttp://proquest.umi.com/pqdweb
=856  40$uhttp://www.jstor.org/journals/00323195.html
=856  40$uhttp://www.psqonline.org/
=856  40$uhttps://academic.oup.com/psq
=859  \\$aXLD$bejournal$cSFX
=859  \\$aELD$bejournal
=945  \\$aPolitical science quarterly
=959  \\$fCurrently available
=979  \\$aBritish Library$bDSC$j6543.914000
=ACF  \\$aPrevious copyright fee: GBP22.00$c35\0$e18-mar-2013$fGBP22.00$g0$hP$5Uk
=ACF  \\$aPrevious copyright fee: GBP24.00$c35\0$e01-mar-2015$fGBP24.00$g0$hP$5Uk
=ACF  \\$aPrevious copyright fee: GBP28.00$c35\0$e01-jan-2019$fGBP28.00$g0$hP$5Uk
=ACF  \\$aPrevious Copyright Fee: GBP32.00$c35\0$e01-jan-2020$fGBP32.00$g0$hP$5Uk
=CAT  \\$a12654$b40$c20130318$lBLL01$h1126
=CAT  \\$aBATCH-UPD$b00$c20150215$lBLL01$h1706
=CAT  \\$aIPL-CLA$c20150228$lBLL01$h2057
=CAT  \\$aBATCH-UPD$b00$c20160519$lBLL01$h1744
=CAT  \\$aW1711-1005$c20171206$lBLL01$h1825
=CAT  \\$aBATCH-UPD$b00$c20180219$lBLL01$h1756
=CAT  \\$aW1805-0471$c20180520$lBLL01$h1140
=CAT  \\$aBATCH-UPD$b00$c20181121$lBLL01$h1626
=CAT  \\$aIPL-CLA$c20181231$lBLL01$h1552
=CAT  \\$aR1911-0245$c20191127$lBLL01$h0823
=CAT  \\$aR1911-0245$c20191127$lBLL01$h1045
=CAT  \\$aIPL-CLA$c20191231$lBLL01$h2034
=CAT  \\$aW2111-0842$c20211208$lBLL01$h1943
=CAT  \\$aIPL-CLA$c20211231$lBLL01$h1545
=CAT  \\$a15190$b40$c20230119$lBLL01$h1155
=CAT  \\$aS2302-1302$c20230323$lBLL01$h1444
=CAT  \\$aIPL-CLA$c20230331$lBLL01$h1547
=CAT  \\$a11450$b40$c20230403$lBLL01$h1526
=CAT  \\$a5410$b40$c20230409$lBLL01$h1147
=CAT  \\$aS2304-0519$c20230412$lBLL01$h1140
=CAT  \\$a10806$b40$c20230417$lBLL01$h0754
=CAT  \\$a10806$b40$c20230418$lBLL01$h0945
=CAT  \\$aBATCH-SUPP$c20230426$lBLL01$h1110
=CAT  \\$a10806$b40$c20230523$lBLL01$h1302
=CAT  \\$a10806$b40$c20230523$lBLL01$h1303
=CAT  \\$a12654$b40$c20230707$lBLL01$h0820
=CFI  0\$aCurrent Copyright Fee: GBP40.00$c29\0$e01-apr-2023$fGBP40.00$g0$hP$5Uk
=CFI  2\$aPrevious copyright fee: GBP39.00$c35\0$e01-jan-2022$fGBP39.00$g0$hP$5Uk
=EST  \\$a1
=FFP  \\$aY$bBLDSS-3PM
=FIN  \\$aY$d20130507
=FMT  \\$a  SE
=LAS  \\$a12654$b40$c20230707$lBLL01$h0820
=LKR  \\$aPAR$b007866187$lBLL01$r776$mPolitical science quarterly (Online)$nPolitical science quarterly (Print)
=MNI  \\$a0032-3195
=SID  \\$aZ39$bOCLC
=TCO  \\$aTRS$bCCC$c008
=TOC  \\$aETOC
=UNO  \\$aY

