=LDR  05567cas a2201261 a 4500
=001  016320066
=003  Uk
=005  20230426111045.0
=006  m\\\\\o\\d\\\\\\\\
=007  cr\cn|||||||||
=008  961022c18959999dcuqx\pso\\\\\0\\\a0eng\c
=010  \\$asn 97023020
=015  \\$aGBB407036$2bnb
=022  0\$a1937-5239$l0002-8762$y0002-8762$202
=035  \\$a(OCoLC)35776522$z(OCoLC)38178860$z(OCoLC)47855298
=037  \\$aahr$bOxford University Press
=037  3\$aISSN_00028762_4$bPortico$nOxford University Press
=040  \\$aGZM$beng$cGZM$dEYM$dOCL$dEYM$dIUL$dOCLCQ$dMUQ$dSST$dOCLCQ$dNSD$dUQ1$dNSD$dEEM$dOCLCQ$dUk
=042  \\$aukblsr$aissnuk
=043  \\$an-us---
=050  14$aE171
=082  04$a973.005$223
=130  0\$aAmerican historical review (Online)
=210  0\$aAm. hist. rev.$b(Online)
=222  \4$aThe American historical review$b(Online)
=245  14$aThe American historical review$h[electronic resource].
=246  13$aAHR
=260  \\$aNew York :$bMacmillan Co.,$c1895-
=264  31$32013-$aCary, NC :$bOxford University Press
=310  \\$aFive issues yearly,$bOct. 1967-
=321  \\$aQuarterly,$b1895-July 1967
=336  \\$atext$2rdacontent
=337  \\$acomputer$2rdamedia
=338  \\$aonline resource$2rdacarrier
=362  0\$aVol. 1, no. 1 (Oct. 1895)-
=500  \\$aPublished: Chicago, Ill. : University of Chicago Press, <Oct. 2007->.
=525  \\$aSupplements accompany some issues.
=530  \\$aAlso issued in print.
=538  \\$aMode of access: World Wide Web.
=540  \\$aCurrent Copyright Fee: GBP32.00$c29\0$5Uk
=550  \\$aPublished: Washington, D.C. : American Historical Association, <1989->.
=580  \\$aRecently published articles, formerly issued as a section of the review, became a separate publication in 1976.
=588  \\$aDescription based on JSTOR World Wide Web homepage; title from title screen.
=588  \\$aLatest issue consulted: volume 118 issue 3 (June 2013); (Oxford Journals website, viewed June 6, 2013).
=650  \0$aHistory$vPeriodicals.
=651  \0$aUnited States$xHistory$vPeriodicals.
=710  2\$aAmerican Historical Association.
=776  08$iPrint version:$tAmerican historical review$x0002-8762
=785  01$tRecently published articles
=852  41$aBritish Library$bHMNTS$jELD Digital store$3Volume 119:Issue 4(2014:Oct.)-
=852  41$aBritish Library$bDSC$j0818.500000$3Volume 110:Issue 1(2005)-Volume 126:Issue 4(2021)***See ESTAR for full holdings.
=856  \\$31850-9999$uhttp://ukcatalogue.oup.com/$xBLDSS
=856  40$3Current issues$uhttp://www.historycooperative.org/ahrindex.html
=856  40$uhttp://ahr.oxfordjournals.org/content/current
=856  40$uhttp://www.journals.uchicago.edu/toc/ahr/current
=856  40$uhttp://www.jstor.org/journals/00028762.html
=859  \\$aELD$bejournal
=859  \\$aXLD$bejournal$cSFX
=945  \\$aAmerican historical review.
=959  \\$fCurrently available
=979  \\$aBritish Library$bDSC$j0818.500000
=985  \\$aISSN responsibility taken by ISSN UK from US ISSN Center, August 1 2014.
=ACF  \\$aPrevious copyright fee: GBP20.00$c29\0$e15-apr-2013$fGBP20.00$g0$hP$5Uk
=ACF  \\$aPrevious copyright fee: GBP23.00$c29\0$e01-jan-2015$fGBP23.00$g0$hP$5Uk
=ACF  \\$aPrevious copyright fee: GBP24.00$c29\0$e01-jan-2016$fGBP24.00$g0$hP$5Uk
=ACF  \\$aPrevious copyright fee: GBP26.00$c29\0$e01-jan-2017$fGBP26.00$g0$hP$5Uk
=ACF  \\$aPrevious copyright fee: GBP27.00$c29\0$e01-jan-2018$fGBP27.00$g0$hP$5Uk
=ACF  \\$aPrevious copyright fee: GBP28.00$c29\0$e01-jan-2019$fGBP28.00$g0$hP$5Uk
=ACF  \\$aPrevious Copyright Fee: GBP20.00$c29\0$e01-jan-2020$fGBP20.00$g0$hP$5Uk
=CAT  \\$a12654$b40$c20130415$lBLL01$h1608
=CAT  \\$aIPL-CLA$c20141231$lBLL01$h1704
=CAT  \\$aBATCH-UPD$b00$c20151119$lBLL01$h1552
=CAT  \\$aIPL-CLA$c20151231$lBLL01$h1935
=CAT  \\$aBATCH-UPD$b00$c20160524$lBLL01$h2215
=CAT  \\$aBATCH-UPD$b00$c20160525$lBLL01$h0056
=CAT  \\$aBATCH-UPD$b00$c20161122$lBLL01$h1522
=CAT  \\$aIPL-CLA$c20161231$lBLL01$h0010
=CAT  \\$aBATCH-UPD$b00$c20171121$lBLL01$h1705
=CAT  \\$aW1711-1005$c20171206$lBLL01$h1825
=CAT  \\$aIPL-CLA$c20171231$lBLL01$h1818
=CAT  \\$aBATCH-UPD$b00$c20181217$lBLL01$h1653
=CAT  \\$aIPL-CLA$c20181231$lBLL01$h1552
=CAT  \\$aW1910-0530$c20191007$lBLL01$h1114
=CAT  \\$aR1911-1518$c20191206$lBLL01$h1419
=CAT  \\$aIPL-CLA$c20191231$lBLL01$h2034
=CAT  \\$aBATCH-UPD$b00$c20220308$lBLL01$h1735
=CAT  \\$aIPL-CLA$c20220331$lBLL01$h1952
=CAT  \\$a12654$b40$c20221213$lBLL01$h1423
=CAT  \\$aS2302-1302$c20230322$lBLL01$h1707
=CAT  \\$aS2302-1302$c20230322$lBLL01$h1708
=CAT  \\$aS2302-1302$c20230323$lBLL01$h1443
=CAT  \\$aIPL-CLA$c20230331$lBLL01$h1547
=CAT  \\$a11313$b40$c20230406$lBLL01$h0918
=CAT  \\$aS2304-0519$c20230412$lBLL01$h1140
=CAT  \\$aBATCH-SUPP$c20230426$lBLL01$h1110
=CFI  0\$aCurrent Copyright Fee: GBP32.00$c29\0$e01-apr-2023$fGBP32.00$g0$hP$5Uk
=CFI  2\$aPrevious copyright fee: GBP22.00$c29\0$e01-apr-2022$fGBP22.00$g0$hP$5Uk
=EST  \\$a1
=FFP  \\$aY$bBLDSS-3PM
=FIN  \\$aY$d20130606
=FMT  \\$a  SE
=LAS  \\$aBATCH-SUPP$b00$c20230426$lBLL01$h1110
=LKR  \\$aPAR$b009829253$lBLL01$nAmerican historical review (Print)$mAmerican historical review (Online)$r776
=MNI  \\$a0002-8762
=SID  \\$aZ39$bOCLC
=TCO  \\$aTRS$bCCC$c008
=TOC  \\$aETOC
=UNO  \\$aY

