=LDR  05084cas a2201153 a 4500
=001  016320449
=003  Uk
=005  20230426111045.0
=006  m\\\\\o\\d\\\\\\\\
=007  cr\|||||||||||
=008  991113c19949999dcuqr\poo\\\\\0\\\a0eng\c
=010  \\$a  2003215356
=015  \\$aGBB411865$2bnb
=022  \\$a1545-6838$l1070-5309$y1070-5309$21
=035  \\$a(OCoLC)42821718
=037  \\$aswr..j$bOxford University Press
=037  3\$aISSN_10705309$bPortico$nOxford University Press
=040  \\$aUV$cUV$dOCoLC$dUV$dOCoLC$dNSDP$dOCoLC$dHkUST$dOCoLC$dCaQMU$dCFlS$dOCoLC$dViRCU$dTxCM$dOCoLC
=042  \\$ansdp$aukblsr
=050  04$aHV1$b.S6475
=082  10$a361.3$223
=130  0\$aSocial work research (Online)
=210  0\$aSoc. work res.$b(Online)
=222  \0$aSocial work research$b(Online)
=245  10$aSocial work research$h[electronic resource].
=260  \\$a[Washington, DC] :$bNational Association of Social Workers
=310  \\$aQuarterly
=336  \\$atext$2rdacontent
=337  \\$acomputer$2rdamedia
=338  \\$aonline resource$2rdacarrier
=362  1\$aPrint began with: Vol. 18, no. 1 (Mar. 1994).
=500  \\$a"Produced for NASW Press by Oxford Journals, a division of Oxford University Press".
=538  \\$aMode of access: World Wide Web.
=540  \\$aCurrent Copyright Fee: GBP33.00$c29\0$5Uk
=550  \\$aA journal of the National Association of the Social Workers.
=588  \\$aDescription based on: Vol. 21, no. 1 (Mar. 1997); title from PDF article running title (Oxford journals, viewed Mar. 7, 2012).
=588  \\$aLatest issue consulted: volume 37, number 4 (December 2013) (viewed January 30, 2014).
=650  \0$aSocial service$vPeriodicals.
=690  7\$aSocial Welfare$2blcoll
=710  2\$aNational Association of Social Workers.
=776  08$iPrint version:$tSocial work research$x1070-5309
=780  01$tSocial work research & abstracts (Online)
=852  41$aBritish Library$bDSC$j8318.229800$3Volume 35:Issue 4(2011)-Volume 43:Issue 3(2019)***See ESTAR for full holdings.
=852  41$aBritish Library$bHMNTS$jELD Digital store$3Volume 38:Number 1(2014:Mar.)-
=856  \\$31850-9999$uhttp://ukcatalogue.oup.com/$xBLDSS
=856  40$3Full text available: Dec. 1997-$uhttp://www.umi.com/pqdauto/$zAvailable via ProQuest. Search for this journal by title
=856  40$uhttp://swr.oxfordjournals.org/content/by/year
=859  \\$aELD$bejournal
=859  \\$aXLD$bejournal$cSFX
=945  \\$aSocial work research.
=959  \\$fCurrently available
=979  \\$aBritish Library$bDSC$j8318.229800
=ACF  \\$aPrevious copyright fee: GBP20.00$c29\0$e16-apr-2013$fGBP20.00$g0$hP$5Uk
=ACF  \\$aPrevious copyright fee: GBP23.00$c29\0$e01-jan-2015$fGBP23.00$g0$hP$5Uk
=ACF  \\$aPrevious copyright fee: GBP24.00$c29\0$e01-jan-2016$fGBP24.00$g0$hP$5Uk
=ACF  \\$aPrevious copyright fee: GBP26.00$c29\0$e01-jan-2017$fGBP26.00$g0$hP$5Uk
=ACF  \\$aPrevious copyright fee: GBP27.00$c29\0$e01-jan-2018$fGBP27.00$g0$hP$5Uk
=ACF  \\$aPrevious copyright fee: GBP28.00$c29\0$e01-jan-2019$fGBP28.00$g0$hP$5Uk
=ACF  \\$aPrevious Copyright Fee: GBP20.00$c29\0$e01-jan-2020$fGBP20.00$g0$hP$5Uk
=CAT  \\$a12654$b40$c20130416$lBLL01$h1213
=CAT  \\$aBATCH-UPD$b00$c20151119$lBLL01$h1552
=CAT  \\$aIPL-CLA$c20151231$lBLL01$h1935
=CAT  \\$aBATCH-UPD$b00$c20160519$lBLL01$h1441
=CAT  \\$aBATCH-UPD$b00$c20160524$lBLL01$h2215
=CAT  \\$aBATCH-UPD$b00$c20161122$lBLL01$h1522
=CAT  \\$aIPL-CLA$c20161231$lBLL01$h0010
=CAT  \\$aBATCH-UPD$b00$c20171121$lBLL01$h1705
=CAT  \\$aW1711-1005$c20171206$lBLL01$h1825
=CAT  \\$aIPL-CLA$c20171231$lBLL01$h1818
=CAT  \\$aBATCH-UPD$b00$c20181217$lBLL01$h1653
=CAT  \\$aIPL-CLA$c20181231$lBLL01$h1552
=CAT  \\$aW1910-0530$c20191007$lBLL01$h1114
=CAT  \\$aR1911-1518$c20191206$lBLL01$h1419
=CAT  \\$aIPL-CLA$c20191231$lBLL01$h2034
=CAT  \\$a12654$b40$c20210426$lBLL01$h1158
=CAT  \\$a5410$b40$c20210818$lBLL01$h1133
=CAT  \\$a5410$b40$c20210825$lBLL01$h1116
=CAT  \\$aBATCH-UPD$b40$c20220308$lBLL01$h1735
=CAT  \\$aIPL-CLA$c20220331$lBLL01$h1952
=CAT  \\$a12654$b40$c20230307$lBLL01$h0938
=CAT  \\$aS2302-1302$c20230322$lBLL01$h1708
=CAT  \\$aS2302-1302$c20230323$lBLL01$h1444
=CAT  \\$aIPL-CLA$c20230331$lBLL01$h1547
=CAT  \\$aS2304-0519$c20230412$lBLL01$h1140
=CAT  \\$aBATCH-SUPP$c20230426$lBLL01$h1110
=CFI  0\$aCurrent Copyright Fee: GBP33.00$c29\0$e01-apr-2023$fGBP33.00$g0$hP$5Uk
=CFI  2\$aPrevious copyright fee: GBP22.00$c29\0$e01-apr-2022$fGBP22.00$g0$hP$5Uk
=EST  \\$a1
=FFP  \\$aY$bBLDSS-3PM
=FIN  \\$aY$d20140130
=FMT  \\$a  SE
=LAS  \\$aBATCH-SUPP$b00$c20230426$lBLL01$h1110
=LET  \0$aSocial work research (Electronic)
=LKR  \\$aPAR$b009878940$lBLL01$r776$mSocial work research (Online)$nSocial work research (Print)
=MNI  \\$a1070-5309
=SRC  \\$aBLL02
=TCO  \\$aTRS$bCCC$c008
=TOC  \\$aETOC
=UNO  \\$aY

