=LDR  04510cas a2201045 i 4500
=001  017745903
=003  Uk
=005  20230426111117.0
=006  m\\\\\\\\d\\\\\\\\
=007  cr\|||||||||||
=008  160217c19319999ncumr\p\s\\\\\0\\\a0eng\\
=015  \\$aGBB695069$2bnb
=022  0\$a1943-7722$202$l0002-9173
=037  \\$aAJCP$bOxford University Press
=037  3\$aISSN_00029173$bPortico$nOxford University Press
=040  \\$aUk$beng$cUk$erda
=042  \\$aukblsr$aissnuk
=082  04$a616.07$223
=222  \0$aAmerican journal of clinical pathology$b(Online)
=245  00$aAmerican journal of clinical pathology.
=246  17$aAJCP
=260  \\$aPhiladelphia ;$aToronto :$bLippincott,$c1931-
=264  31$32016-$a[Cary, North Carolina?] :$bOxford Universtiy Press
=310  \\$aMonthly
=336  \\$atext$2rdacontent
=337  \\$acomputer$2rdamedia
=338  \\$aonline resource$2rdacarrier
=362  1\$aBegan in 1931.
=538  \\$aMode of access: World Wide Web.
=540  \\$aCurrent Copyright Fee: GBP32.00$c29\0$5Uk
=588  \\$aDescription based on print version record.
=588  \\$aLatest issue consulted: volume 145, issue 6 (1 June 2016) (Oxford Journals, viewed July 7, 2016).
=650  \0$aDiagnosis, Laboratory$vPeriodicals.
=650  \0$aPathology$vPeriodicals.
=710  2\$aAmerican Society for Clinical Pathology.
=710  2\$aAcademy of Clinical Laboratory Physicians and Scientists.
=776  08$iAlso issued in print as:$tAmerican journal of clinical pathology$x0002-9173
=852  \\$aBritish Library$bDSC$j0824.000000$3Volume 145:Issue 1(2016)-Volume 157:Issue 6(2022)***See ESTAR for full holdings.
=852  41$aBritish Library$bHMNTS$jELD Digital store$3Volume 1:Issue 2(1931)-***Previous issues available in print copy
=856  40$31850-9999$uhttp://www.oxfordjournals.org/$xBLDSS
=856  40$uhttp://ajcp.oxfordjournals.org/
=859  \\$aELD$bejournal
=859  \\$aXLD$bejournal$cSFX
=945  \\$aAmerican journal of clinical pathology.
=959  \\$fCurrently available
=979  \\$aBritish Library$bDSC$j0824.000000
=985  \\$aISSN responsibility transferred from US Center 7.9.16, multinational publisher.
=ACF  \\$aPrevious copyright fee: GBP24.00$c29\0$e17-feb-2016$fGBP24.00$g0$hP$5Uk
=ACF  \\$aPrevious copyright fee: GBP26.00$c29\0$e01-jan-2017$fGBP26.00$g0$hP$5Uk
=ACF  \\$aPrevious copyright fee: GBP27.00$c29\0$e01-jan-2018$fGBP27.00$g0$hP$5Uk
=ACF  \\$aPrevious copyright fee: GBP28.00$c29\0$e01-jan-2019$fGBP28.00$g0$hP$5Uk
=ACF  \\$aPrevious Copyright Fee: GBP20.00$c29\0$e01-jan-2020$fGBP20.00$g0$hP$5Uk
=CAT  \\$a12654$b40$c20160217$lBLL01$h0909
=CAT  \\$a10806$b40$c20160707$lBLL01$h1500
=CAT  \\$a10806$b40$c20160708$lBLL01$h0759
=CAT  \\$a10806$b40$c20160708$lBLL01$h0802
=CAT  \\$a10973$b40$c20160907$lBLL01$h1114
=CAT  \\$a8871$b40$c20160928$lBLL01$h1539
=CAT  \\$aBATCH-UPD$b40$c20161122$lBLL01$h1522
=CAT  \\$a10806$b40$c20161130$lBLL01$h0945
=CAT  \\$aIPL-CLA$c20161231$lBLL01$h0025
=CAT  \\$aBATCH-UPD$b00$c20171121$lBLL01$h1705
=CAT  \\$aW1711-1005$c20171206$lBLL01$h1829
=CAT  \\$aIPL-CLA$c20171231$lBLL01$h1831
=CAT  \\$aBATCH-UPD$b00$c20181217$lBLL01$h1653
=CAT  \\$aIPL-CLA$c20181231$lBLL01$h1555
=CAT  \\$aW1910-0530$c20191007$lBLL01$h1114
=CAT  \\$aR1911-1518$c20191206$lBLL01$h1419
=CAT  \\$aIPL-CLA$c20191231$lBLL01$h2042
=CAT  \\$aBATCH-UPD$b00$c20220308$lBLL01$h1736
=CAT  \\$aIPL-CLA$c20220331$lBLL01$h1953
=CAT  \\$a8055$b40$c20221214$lBLL01$h1318
=CAT  \\$aS2302-1302$c20230322$lBLL01$h1707
=CAT  \\$aS2302-1302$c20230322$lBLL01$h1708
=CAT  \\$aS2302-1302$c20230323$lBLL01$h1443
=CAT  \\$aIPL-CLA$c20230331$lBLL01$h1547
=CAT  \\$aS2304-0519$c20230412$lBLL01$h1141
=CAT  \\$aBATCH-SUPP$c20230426$lBLL01$h1111
=CFI  0\$aCurrent Copyright Fee: GBP32.00$c29\0$e01-apr-2023$fGBP32.00$g0$hP$5Uk
=CFI  2\$aPrevious copyright fee: GBP22.00$c29\0$e01-apr-2022$fGBP22.00$g0$hP$5Uk
=EST  \\$a1
=FFP  \\$aY$bBLDSS-3PM
=FIN  \\$aY$d20160707
=FMT  \\$a  SE
=LAS  \\$aBATCH-SUPP$b00$c20230426$lBLL01$h1111
=LET  \0$aAmerican journal of clinical pathology (Electronic)
=LKR  \\$aPAR$b009829354$lBLL01$r776$mAmerican journal of clinical pathology (Online)$nAmerican journal of clinical pathology (Print)
=MNI  \\$a0002-9173
=TOC  \\$aETOC
=UNO  \\$aY

