=LDR  05172cas a2201237 a 4500
=001  017746201
=003  Uk
=005  20230426111117.0
=006  m\\\\\o\\d\\\\\\\\
=007  cr\mnu||||||||
=008  010813c19709999ncuqr\pso\o\\\0\\\a0eng\c
=010  \\$a  2004235652
=015  \\$aGBB695342$2bnb
=016  7\$a2067162-3$2DE-600
=022  0\$a1939-8603$202
=035  \\$a(OCoLC)47773060$z(OCoLC)48084838$z(OCoLC)858842683
=037  \\$aWHQ$bOxford University Press
=037  3\$aISSN_00433810_4$bPortico$nOxford University Press
=040  \\$aWYU$beng$cWYU$dOCLCQ$dVVC$dOCLCQ$dEYM$dHUL$dOCLCQ$dDLC$dNSD$dUQ1$dOCLCQ$dZP2$dOCLCQ$dOCLCF$dVT2$dOCLCQ$dDEBBG$dUk
=042  \\$apcc$ansdp$aukblsr$aissnuk
=043  \\$an-usp--
=050  10$aISSN RECORD
=050  14$aF591
=082  04$a978.005$223
=130  0\$aWestern historical quarterly (Online)
=210  0\$aWest. hist. q.$b(Online)
=222  \4$aThe Western historical quarterly$b(Online)
=245  14$aThe western historical quarterly.
=260  \\$aLogan, Utah :$bUtah State University for the Western History Association,$c1970-
=264  31$32016-$a[Cary, NC] :$bOxford University Press
=310  \\$aQuarterly
=336  \\$atext$2rdacontent
=337  \\$acomputer$2rdamedia
=338  \\$aonline resource$2rdacarrier
=362  0\$aVol. 1, no. 1 (Jan. 1970)-
=500  \\$aTitle from title screen (JSTOR, viewed Feb. 11, 2004).
=530  \\$aAlso issued in print.
=538  \\$aMode of access: World Wide Web.
=540  \\$aCurrent copyright fee: GBP33.00$c29\0$5Uk
=588  \\$aLatest issue consulted: volume 47, issue 1 (1 February 2016) (Oxford Journals, viewed July 8, 2016).
=650  \7$aHistoire.$2rasuqam
=651  \0$aWest (U.S.)$xHistory$vPeriodicals.
=651  \7$aUnited States, West.$2fast$0(OCoLC)fst01243255
=651  \7$aAmeÌrique du Nord (Ouest)$2rasuqam
=655  \0$aElectronic journals.
=655  \7$aHistory.$2fast$0(OCoLC)fst01411628
=655  \7$aPeriodicals.$2fast$0(OCoLC)fst01411641
=655  \7$aPeÌriodique eÌlectronique (Descripteur de forme)$2rasuqam
=655  \7$aRessource Internet (Descripteur de forme)$2rasuqam
=710  2\$aUtah State University.
=710  2\$aWestern History Association.
=776  1\$tWestern historical quarterly$x0043-3810
=852  41$aBritish Library$bHMNTS$jELD Digital store$3Volume 45:Issue 2(2014)-
=852  \\$aBritish Library$bDSC$j9300.817000$3Volume 47:Issue 1(2016)-Volume 51:Issue 1(2020)***See ESTAR for full holdings.
=856  \\$31850-9999$uhttp://www.oxfordjournals.org/$xBLDSS
=856  40$uhttp://www.jstor.org/journals/00433810.html
=856  40$uhttp://www.historycooperative.org/whqindex.html
=856  40$uhttp://www.usu.edu/history/whq/
=856  40$uhttp://whq.oxfordjournals.org/
=859  \\$aXLD$bejournal$cSFX
=859  \\$aELD$bejournal
=945  \\$aWestern historical quarterly.
=959  \\$fCurrently available
=979  \\$aBritish Library$bDSC$j9300.817000
=985  \\$aISSN responsibility transferred to ISSN UK from US Center (8.8.16).
=ACF  \\$aPrevious copyright fee: GBP24.00$c29\0$e18-feb-2016$fGBP24.00$g0$hP$5Uk
=ACF  \\$aPrevious copyright fee: GBP26.00$c29\0$e01-jan-2017$fGBP26.00$g0$hP$5Uk
=ACF  \\$aPrevious copyright fee: GBP27.00$c29\0$e01-jan-2018$fGBP27.00$g0$hP$5Uk
=ACF  \\$aPrevious copyright fee: GBP28.00$c29\0$e01-jan-2019$fGBP28.00$g0$hP$5Uk
=ACF  \\$aPrevious Copyright Fee: GBP20.00$c29\0$e01-jan-2020$fGBP20.00$g0$hP$5Uk
=CAT  \\$a12654$b40$c20160218$lBLL01$h0840
=CAT  \\$a10806$b40$c20160708$lBLL01$h1418
=CAT  \\$a10806$b40$c20160708$lBLL01$h1422
=CAT  \\$a10806$b40$c20160711$lBLL01$h0917
=CAT  \\$a10806$b40$c20160727$lBLL01$h1552
=CAT  \\$a10973$b40$c20160808$lBLL01$h1030
=CAT  \\$aBATCH-UPD$b40$c20161122$lBLL01$h1522
=CAT  \\$aIPL-CLA$c20161231$lBLL01$h0025
=CAT  \\$aBATCH-UPD$b00$c20171121$lBLL01$h1705
=CAT  \\$aW1711-1005$c20171206$lBLL01$h1829
=CAT  \\$aIPL-CLA$c20171231$lBLL01$h1831
=CAT  \\$aBATCH-UPD$b00$c20181217$lBLL01$h1653
=CAT  \\$aIPL-CLA$c20181231$lBLL01$h1555
=CAT  \\$aW1910-0530$c20191007$lBLL01$h1114
=CAT  \\$aR1911-1518$c20191206$lBLL01$h1419
=CAT  \\$aIPL-CLA$c20191231$lBLL01$h2042
=CAT  \\$a12654$b40$c20210426$lBLL01$h1207
=CAT  \\$aBATCH-UPD$b40$c20220308$lBLL01$h1736
=CAT  \\$aIPL-CLA$c20220331$lBLL01$h1953
=CAT  \\$a12654$b40$c20230307$lBLL01$h1342
=CAT  \\$a12654$b40$c20230307$lBLL01$h1343
=CAT  \\$aS2302-1302$c20230322$lBLL01$h1708
=CAT  \\$a12654$b40$c20230329$lBLL01$h1339
=CAT  \\$a12654$b40$c20230330$lBLL01$h1100
=CAT  \\$aIPL-CLA$c20230331$lBLL01$h1547
=CAT  \\$aBATCH-SUPP$c20230426$lBLL01$h1111
=CFI  0\$aCurrent copyright fee: GBP33.00$c29\0$e01-apr-2023$fGBP33.00$g0$hP$5Uk
=CFI  2\$aPrevious copyright fee: GBP22.00$c29\0$e01-apr-2022$fGBP22.00$g0$hP$5Uk
=EST  \\$a1
=FFP  \\$aY$bBLDSS-3PM
=FIN  \\$aY$d20160708
=FMT  \\$a  SE
=LAS  \\$aBATCH-SUPP$b00$c20230426$lBLL01$h1111
=SID  \\$aZ39$bOCLC
=TOC  \\$aETOC
=UNO  \\$aY

