=LDR  05688cas a2201225 a 4500
=001  017751605
=003  Uk
=005  20230426111118.0
=006  m\\\\\o\\d\\\\\\\\
=007  cr\mnu||||||||
=008  030822c19579999enkqr\pso\go\\0\\\a0eng\c
=010  \\$a  2004235639
=015  \\$aGBB666200$2bnb
=022  0\$a2161-797X$l0002-9319$y0002-9319$202
=035  \\$a(OCoLC)52899675
=037  \\$aajlh$bOxford University Press
=037  3\$aISSN_00029319$bPortico$nOxford University Press
=040  \\$aFJM$beng$cFJM$dOCLCQ$dEYM$dHUL$dOCLCQ$dNSD$dDLC$dOCLCQ$dWEA$dOCLCQ$dOCLCF$dVT2$dOCLCQ$dUk
=042  \\$aukblsr$aissnuk
=043  \\$an-us---
=050  14$aK1
=082  04$a349.7309$223
=130  0\$aAmerican journal of legal history (Online)
=222  \4$aThe American journal of legal history$b(Online)
=245  14$aThe American journal of legal history$h[electronic resource].
=246  13$aAJLH
=260  \\$aPhiladelphia, Pa. :$bTemple University School of Law,$c©1957-
=264  31$3[2015]-$aOxford :$bOxford University Press, UK
=310  \\$aQuarterly
=336  \\$atext$2rdacontent
=337  \\$acomputer$2rdamedia
=338  \\$aonline resource$2rdacarrier
=362  0\$aVol. 1, no. 1 (Jan. 1957)-
=500  \\$aTitle from title screen (Hein Online, viewed Aug. 22, 2003).
=530  \\$aAlso issued in print.
=538  \\$aMode of access: World Wide Web.
=540  \\$aCurrent Copyright Fee: GBP33.00$c29\0$5Uk
=550  \\$aOfficial publication of American Society for Legal History, 1957-.
=588  \\$aLatest issue consulted: Vol. 56, issue 1 (1 March 2016) (Oxford University Press journals, viewed May 16, 2016).
=650  \0$aLaw$zUnited States$xHistory$vPeriodicals.
=650  \0$aLaw$xHistory$vPeriodicals.
=650  \7$aLaw.$2fast$0(OCoLC)fst00993678
=651  \7$aUnited States.$2fast$0(OCoLC)fst01204155
=655  \0$aElectronic journals.
=655  \7$aHistory.$2fast$0(OCoLC)fst01411628
=655  \7$aPeriodicals.$2fast$0(OCoLC)fst01411641
=710  2\$aTemple University.$bSchool of Law.
=710  2\$aAmerican Society for Legal History,$eissuing body.
=776  08$iAlso issued in print as:$tAmerican journal of legal history$x0002-9319
=852  \\$aBritish Library$bDSC$j0826.900000$3Volume 57:Issue 1(2017)-Volume 59:Issue 4(2019)
=852  41$aBritish Library$bHMNTS$jELD Digital store$3Volume 54:Issue 1(2014)-
=856  \\$31850-9999$uhttp://www.oxfordjournals.org/$xBLDSS
=856  40$uhttp://ajlh.oxfordjournals.org/
=856  40$uhttp://heinonline.org/HeinOnline/CollectionIndex.pl?journal=amhist
=856  40$uhttp://www.jstor.org/journals/00029319.html
=859  \\$aELD$bejournal
=859  \\$aXLD$bejournal$cSFX
=945  \\$aAmerican journal of legal history.
=959  \\$fCurrently available
=979  \\$aBritish Library$bDSC$j0826.900000
=985  \\$aFocus still looks to be on America, though Special issue for March 2016 relaunch is quite broad - prob because a special issue. About: "While retaining its focus on American legal history, it accommodates the enormous broadening of the intellectual horizon of the discipline over the past decade and is particularly interested in contributions of a comparative, international or transnational nature".
=985  \\$aISSN responsibility transferred from US ISSN Center to ISSN UK Centre, June 2, 2016.
=ACF  \\$aPrevious copyright fee: GBP24.00$c29\0$e08-nov-2016$fGBP24.00$g0$hP$5Uk
=ACF  \\$aPrevious copyright fee: GBP26.00$c29\0$e01-jan-2017$fGBP26.00$g0$hP$5Uk
=ACF  \\$aPrevious copyright fee: GBP27.00$c29\0$e01-jan-2018$fGBP27.00$g0$hP$5Uk
=ACF  \\$aPrevious copyright fee: GBP28.00$c29\0$e01-jan-2019$fGBP28.00$g0$hP$5Uk
=ACF  \\$aPrevious Copyright Fee: GBP20.00$c29\0$e01-jan-2020$fGBP20.00$g0$hP$5Uk
=CAT  \\$a14448$b40$c20160225$lBLL01$h0829
=CAT  \\$aBLDSS-3PM$b00$c20161115$lBLL01$h1529
=CAT  \\$aBATCH-UPD$b00$c20161115$lBLL01$h1531
=CAT  \\$aBATCH-UPD$b00$c20161122$lBLL01$h1522
=CAT  \\$aIPL-CLA$c20161231$lBLL01$h0025
=CAT  \\$a12654$b40$c20170608$lBLL01$h1405
=CAT  \\$aBATCH-UPD$b40$c20171121$lBLL01$h1705
=CAT  \\$aW1711-1005$c20171206$lBLL01$h1829
=CAT  \\$aIPL-CLA$c20171231$lBLL01$h1831
=CAT  \\$a5410$b40$c20180727$lBLL01$h1316
=CAT  \\$aBATCH-UPD$b40$c20181217$lBLL01$h1653
=CAT  \\$aIPL-CLA$c20181231$lBLL01$h1555
=CAT  \\$aW1910-0530$c20191007$lBLL01$h1114
=CAT  \\$aR1911-1518$c20191206$lBLL01$h1419
=CAT  \\$aIPL-CLA$c20191231$lBLL01$h2042
=CAT  \\$a12654$b40$c20210426$lBLL01$h0736
=CAT  \\$a5410$b40$c20220107$lBLL01$h1551
=CAT  \\$aBATCH-UPD$b40$c20220308$lBLL01$h1736
=CAT  \\$aIPL-CLA$c20220331$lBLL01$h1953
=CAT  \\$a12654$b40$c20221219$lBLL01$h1349
=CAT  \\$aS2302-1302$c20230322$lBLL01$h1707
=CAT  \\$aS2302-1302$c20230322$lBLL01$h1708
=CAT  \\$aS2302-1302$c20230323$lBLL01$h1443
=CAT  \\$aIPL-CLA$c20230331$lBLL01$h1547
=CAT  \\$aS2304-0519$c20230412$lBLL01$h1141
=CAT  \\$aBATCH-SUPP$c20230426$lBLL01$h1111
=CFI  0\$aCurrent Copyright Fee: GBP33.00$c29\0$e01-apr-2023$fGBP33.00$g0$hP$5Uk
=CFI  2\$aPrevious copyright fee: GBP22.00$c29\0$e01-apr-2022$fGBP22.00$g0$hP$5Uk
=FFP  \\$aY$bBLDSS-3PM
=FIN  \\$aY$d20160516
=FMT  \\$a  SE
=LAS  \\$aBATCH-SUPP$b00$c20230426$lBLL01$h1111
=LET  \4$aThe American journal of legal history (Electronic)
=LKR  \\$aPAR$b009829415$lBLL01$r776$mThe American journal of legal history (Online)$nThe American journal of legal history (Print)
=MNI  \\$a0002-9319
=SRC  \\$aBLL02
=TOC  \\$aETOC
=UNO  \\$aY

