=LDR  04873cas a2201153 i 4500
=001  018111961
=003  Uk
=005  20230426111120.0
=006  m\\\\\o\\d\\\\\\\\
=007  cr\|||||||||||
=008  030822c19529999ncuqr\p\o\go\\0\\\a0eng\c
=010  \\$a  2004235634
=015  \\$aGBB7C9723$2bnb
=016  7\$a2174067-7$2DE-600
=022  0\$a2326-9197$l0002-919X$202
=035  \\$a(OCoLC)52899623$z(OCoLC)821062050
=037  \\$a ajcl$bOxford University Press
=037  3\$aISSN_0002919X$bPortico$nOxford University Press
=040  \\$aFJM$beng$cFJM$dOCLCQ$dEYM$dHUL$dOCLCQ$dOCLCO$dDLC$dOCLCF$dOCLCO$dOCLCQ$dDEBBG$dUk
=042  \\$apcc$ansdp$aukblsr$aissnuk
=043  \\$an-us---
=050  10$aISSN RECORD
=050  14$aK1
=082  04$a341$223
=130  0\$aAmerican journal of comparative law (Online)
=210  0\$aAm. j. comp. law$b(Online)
=222  \4$aThe American journal of comparative law$b(Online)
=245  14$aThe American journal of comparative law.
=260  \\$aBaltimore, Md. :$bAmerican Association for the Comparative Study of Law,$c1952-
=264  31$32017-$aCary, NC :$bOxford University Press
=310  \\$aQuarterly
=336  \\$atext$2rdacontent
=337  \\$acomputer$2rdamedia
=338  \\$aonline resource$2rdacarrier
=362  0\$aVol. 1, no. 1/2 (winter/spring 1952)-
=500  \\$aTitle from title screen (Hein Online, viewed Aug. 22, 2003).
=500  \\$aImprint varies; published: Berkeley, Calif. : American Society of Comparative Law, Inc., winter 1992-
=525  \\$aSupplements accompany some volumes.
=530  \\$aAlso issued in print.
=538  \\$aMode of access: World Wide Web.
=540  \\$aCurrent Copyright Fee: GBP32.00$c29\0$5Uk
=588  \\$aLatest issue consulted: volume 65, number 1 (spring 2017) (Oxford Academic, viewed July 27, 2017).
=650  \0$aComparative law$vPeriodicals.
=650  \7$aComparative law.$2fast$0(OCoLC)fst00871350
=655  \7$aPeriodicals.$2fast$0(OCoLC)fst01411641
=710  2\$aAmerican Association for the Comparative Study of Law.
=710  2\$aAmerican Society of Comparative Law.
=776  1\$tAmerican journal of comparative law$x0002-919X
=852  41$aBritish Library$bHMNTS$jELD Digital store$3Volume 62:Number 1(2014)-
=852  \\$aBritish Library$bDSC$j0824.100000$3Volume 64:Issue 3(2016)
=856  \\$31850-9999$uhttp://www.oxfordjournals.org/$xBLDSS
=856  40$uhttp://www.jstor.org/journals/0002919X.html
=856  40$uhttp://heinonline.org/HeinOnline/CollectionIndex.pl?journal=amcomp
=856  40$uhttps://academic.oup.com/ajcl
=859  \\$aXLD$bejournal$cSFX
=859  \\$aELD$bejournal
=945  \\$aAmerican Journal of Comparative Law.
=959  \\$fCurrently available
=979  \\$aBritish Library$bDSC$j0824.100000
=985  \\$aISSN responsibility transferred from US to UK (29/08/17)
=ACF  \\$aPrevious copyright fee: GBP26.00$c29\0$e31-may-2017$fGBP26.00$g0$hP$5Uk
=ACF  \\$aPrevious copyright fee: GBP27.00$c29\0$e01-jan-2018$fGBP27.00$g0$hP$5Uk
=ACF  \\$aPrevious copyright fee: GBP28.00$c29\0$e01-jan-2019$fGBP28.00$g0$hP$5Uk
=ACF  \\$aPrevious Copyright Fee: GBP20.00$c29\0$e01-jan-2020$fGBP20.00$g0$hP$5Uk
=CAT  \\$a8311$b40$c20161121$lBLL01$h1150
=CAT  \\$aBLDSS-3PM$b00$c20170606$lBLL01$h1445
=CAT  \\$aBATCH-UPD$b00$c20170606$lBLL01$h1446
=CAT  \\$a12654$b40$c20170609$lBLL01$h1442
=CAT  \\$a10806$b40$c20170727$lBLL01$h0952
=CAT  \\$a10806$b40$c20170829$lBLL01$h1344
=CAT  \\$a10806$b40$c20171102$lBLL01$h1300
=CAT  \\$aBATCH-UPD$b40$c20171121$lBLL01$h1705
=CAT  \\$aW1711-1005$c20171206$lBLL01$h1829
=CAT  \\$aIPL-CLA$c20171231$lBLL01$h1833
=CAT  \\$aBATCH-UPD$b00$c20181217$lBLL01$h1653
=CAT  \\$aIPL-CLA$c20181231$lBLL01$h1555
=CAT  \\$aW1910-0530$c20191007$lBLL01$h1114
=CAT  \\$aR1911-1518$c20191206$lBLL01$h1419
=CAT  \\$aIPL-CLA$c20191231$lBLL01$h2043
=CAT  \\$a12654$b40$c20210426$lBLL01$h1203
=CAT  \\$aBATCH-UPD$b40$c20220308$lBLL01$h1736
=CAT  \\$aIPL-CLA$c20220331$lBLL01$h1953
=CAT  \\$a12654$b40$c20221219$lBLL01$h1226
=CAT  \\$a12654$b40$c20221219$lBLL01$h1227
=CAT  \\$aS2302-1302$c20230322$lBLL01$h1707
=CAT  \\$aS2302-1302$c20230322$lBLL01$h1708
=CAT  \\$aS2302-1302$c20230323$lBLL01$h1443
=CAT  \\$aIPL-CLA$c20230331$lBLL01$h1547
=CAT  \\$aS2304-0519$c20230412$lBLL01$h1141
=CAT  \\$aBATCH-SUPP$c20230426$lBLL01$h1111
=CFI  0\$aCurrent Copyright Fee: GBP32.00$c29\0$e01-apr-2023$fGBP32.00$g0$hP$5Uk
=CFI  2\$aPrevious copyright fee: GBP22.00$c29\0$e01-apr-2022$fGBP22.00$g0$hP$5Uk
=FFP  \\$aY$bBLDSS-3PM
=FIN  \\$aY$d20170727
=FMT  \\$a  SE
=LAS  \\$aBATCH-SUPP$b00$c20230426$lBLL01$h1111
=MNI  \\$a0002-919X
=SID  \\$aZ39$bOCLC
=UNO  \\$aY

