=LDR  04930cas a2201213 i 4500
=001  018112076
=003  Uk
=005  20230426111120.0
=006  m\\\\\o\\d\\\\\\\\
=007  cr\|||||||||||
=008  990326c19809999xxubr\pso\\\\\0\\\a0eng\c
=010  \\$a  2001227007
=015  \\$aGBB7C1216$2bnb
=016  7\$a2011701-2$2DE-600
=022  \\$a1945-7189$l0163-769X
=030  \\$aERVIDP
=035  \\$a(OCoLC)41042304$z(OCoLC)177446359$z(OCoLC)226176056$z(OCoLC)858321252$z(OCoLC)989767127
=037  \\$aedrv$bOxford University Press
=037  3\$aISSN_0163769X$bPortico$nOxford University Press
=040  \\$aTMC$beng$cTMC$dEYM$dOCLCQ$dMUQ$dNSD$dPFM$dOCLCQ$dHEBIS$dDLC$dBUF$dOCLCQ$dOCLCF$dOCLCO$dOCLCQ$dOCLCO$dGUA$dUk
=042  \\$apcc$ansdp$aukblsr
=050  10$aISSN RECORD
=050  14$aQP187.A1$bE515
=060  \4$aW1$bEN367R
=082  10$a616.4005$223
=210  0\$aEndocr. rev.$b(Online)
=222  \0$aEndocrine reviews$b(Online)
=245  00$aEndocrine reviews.
=260  \\$aBethesda, MD :$bEndocrine Society,$c[1980]-
=310  \\$a6 times a year,$b2010-
=321  \\$aQuarterly,$b1980-1992
=321  \\$aBimonthly,$b1993-2004
=321  \\$aBimonthly, with a special issue in May,$b2005-2009
=336  \\$atext$2rdacontent
=337  \\$acomputer$2rdamedia
=338  \\$aonline resource$2rdacarrier
=362  1\$aVol. 1, issue 1 (Feb. 1980)-
=500  \\$aTitle from title screen (publisher's Web site viewed July 15, 2008).
=538  \\$aMode of access: World Wide Web.
=540  \\$aCurrent Copyright Fee: GBP32.00$c29\0$5Uk
=588  \\$aLatest issue consulted: volume 38, issue 3 (1 June 2017) (Oxford Academic, viewed July 14, 2017).
=650  \0$aEndocrinology$vPeriodicals.
=650  \0$aEndocrine glands$xDiseases$vPeriodicals.
=650  \6$aEndocrinologie$vPeÌriodiques.
=650  \6$aGlandes endocrines$xMaladies$vPeÌriodiques.
=650  \7$aEndocrine glands$xDiseases.$2fast$0(OCoLC)fst00909726
=650  \7$aEndocrinology.$2fast$0(OCoLC)fst00909749
=650  \2$aEndocrinology.
=655  \7$aPeriodicals.$2fast$0(OCoLC)fst01411641
=655  \2$aPeriodicals.
=710  2\$aEndocrine Society.
=776  08$iPrint version:$tEndocrine reviews$x0163-769X
=780  05$tRecent progress in hormone research (Online)
=852  \\$aBritish Library$bDSC$j3740.480000$3Volume 36:Issue 6(2016)-Volume 43:Issue 5(2022)
=852  41$aBritish Library$bHMNTS$jELD Digital store$3Volume 37:Number 6(2016)-
=856  \\$31850-9999$uhttp://www.oxfordjournals.org/$xBLDSS
=856  40$uhttp://edrv.endojournals.org/
=856  40$uhttps://academic.oup.com/edrv
=859  \\$aELD$bejournal
=859  \\$aXLD$bejournal$cSFX
=945  \\$aEndocrine reviews.
=959  \\$fCurrently available
=979  \\$aBritish Library$bDSC$j3740.480000
=ACF  \\$aPrevious copyright fee: GBP26.00$c29\0$e31-may-2017$fGBP26.00$g0$hP$5Uk
=ACF  \\$aPrevious copyright fee: GBP27.00$c29\0$e01-jan-2018$fGBP27.00$g0$hP$5Uk
=ACF  \\$aPrevious copyright fee: GBP28.00$c29\0$e01-jan-2019$fGBP28.00$g0$hP$5Uk
=ACF  \\$aPrevious Copyright Fee: GBP20.00$c29\0$e01-jan-2020$fGBP20.00$g0$hP$5Uk
=CAT  \\$a8311$b40$c20161121$lBLL01$h1407
=CAT  \\$a10806$b40$c20170714$lBLL01$h1545
=CAT  \\$a10806$b40$c20170714$lBLL01$h1547
=CAT  \\$a10806$b40$c20170714$lBLL01$h1549
=CAT  \\$a10983$b40$c20170718$lBLL01$h1332
=CAT  \\$a10806$b40$c20170728$lBLL01$h1455
=CAT  \\$a5410$b40$c20171109$lBLL01$h0839
=CAT  \\$aBATCH-UPD$b40$c20171121$lBLL01$h1705
=CAT  \\$aW1711-1005$c20171206$lBLL01$h1829
=CAT  \\$aIPL-CLA$c20171231$lBLL01$h1833
=CAT  \\$aBATCH-UPD$b00$c20181217$lBLL01$h1653
=CAT  \\$aIPL-CLA$c20181231$lBLL01$h1555
=CAT  \\$aW1910-0530$c20191007$lBLL01$h1114
=CAT  \\$a12654$b40$c20191204$lBLL01$h0723
=CAT  \\$aR1911-1518$c20191206$lBLL01$h1419
=CAT  \\$aIPL-CLA$c20191231$lBLL01$h2043
=CAT  \\$a5552$b40$c20200813$lBLL01$h1225
=CAT  \\$aBATCH-UPD$b40$c20220308$lBLL01$h1736
=CAT  \\$aIPL-CLA$c20220331$lBLL01$h1953
=CAT  \\$a8055$b40$c20221116$lBLL01$h1513
=CAT  \\$aS2302-1302$c20230322$lBLL01$h1707
=CAT  \\$aS2302-1302$c20230322$lBLL01$h1708
=CAT  \\$aS2302-1302$c20230323$lBLL01$h1443
=CAT  \\$aIPL-CLA$c20230331$lBLL01$h1547
=CAT  \\$aS2304-0519$c20230412$lBLL01$h1141
=CAT  \\$aBATCH-SUPP$c20230426$lBLL01$h1111
=CFI  0\$aCurrent Copyright Fee: GBP32.00$c29\0$e01-apr-2023$fGBP32.00$g0$hP$5Uk
=CFI  2\$aPrevious copyright fee: GBP22.00$c29\0$e01-apr-2022$fGBP22.00$g0$hP$5Uk
=FFP  \\$aY$bBLDSS-3PM
=FIN  \\$aY$d20170714
=FMT  \\$a  SE
=LAS  \\$aBATCH-SUPP$b00$c20230426$lBLL01$h1111
=LKR  \\$aPAR$b012114350$lBLL01$r776$mEndocrine reviews (Online)$nEndocrine reviews (Print)
=MNI  \\$a0163-769X
=SID  \\$aZ39$bOCLC
=TOC  \\$aETOC
=UNO  \\$aY

