=LDR  05159cas a2201165 i 4500
=001  018119631
=003  Uk
=005  20230426111121.0
=006  m\\\\\o\\d\\\\\\\\
=007  cr\|||||||||||
=008  981222c19529999mdumr\pso\\\\\0\\\a0eng\c
=010  \\$a  2001227008
=015  \\$aGBB7C9760$2bnb
=022  0\$a1945-7197$l0021-972X
=035  \\$a(OCoLC)40536644$z(OCoLC)50220488$z(OCoLC)60637681$z(OCoLC)61569669$z(OCoLC)222984799$z(OCoLC)427539731$z(OCoLC)858836049$z(OCoLC)980086186$z(OCoLC)989769975$z(OCoLC)993903786
=037  \\$ajcem$bOxford University Press
=037  3\$aISSN_0021972X$bPortico$nOxford University Press
=040  \\$aTMC$beng$cTMC$dEYM$dOCLCQ$dLGG$dOCLCQ$dNSD$dOCLCQ$dTEF$dDLC$dSERSO$dOCLCQ$dOCLCO$dOCLCQ$dOCLCF$dOCLCO$dFFQ$dVT2$dOCLCQ$dOCLCO$dSCB$dUAB$dOCLCO$dGUA$dTSC$dOCLCO$dUk
=042  \\$apcc$ansdp$aukblsr
=050  10$aISSN RECORD
=082  04$a616.4$223
=222  \0$aJournal of clinical endocrinology & metabolism$b(Online)
=245  04$aThe journal of clinical endocrinology & metabolism.
=246  3\$aJournal of clinical endocrinology and metabolism
=246  1\$aJCEM
=260  \\$aBaltimore, MD :$bEndocrine Society
=300  \\$a1 online resource
=310  \\$aMonthly
=336  \\$atext$2rdacontent
=337  \\$acomputer$2rdamedia
=338  \\$aonline resource$2rdacarrier
=362  1\$aBegan with vol. 12 in Jan. 1952.
=530  \\$aAlso issued in print.
=538  \\$aMode of access: World Wide Web.
=540  \\$aCurrent Copyright Fee: GBP32.00$c29\0$5Uk
=588  \\$aDescription based on: Vol. 82, no. 1 (Jan. 1997); title from journal information screen (viewed Dec. 19, 1998).
=588  \\$aLatest issue consulted: volume 102, issue 7 (1 July 2017) (Oxford Academic, viewed July 27, 2017).
=650  \0$aEndocrinology$vPeriodicals.
=650  \7$aEndocrinology.$2fast$0(OCoLC)fst00909749
=650  \2$aEndocrinology.
=650  \2$aMetabolism.
=650  \2$aEndocrine System Diseases.
=650  \2$aMetabolic Diseases.
=655  \7$aPeriodicals.$2fast$0(OCoLC)fst01411641
=710  2\$aEndocrine Society.
=776  1\$tJournal of clinical endocrinology and metabolism$x0021-972X
=852  \\$aBritish Library$bDSC$j4958.400000$3Volume 102:Issue 6(2017)-Volume 103:Issue 10(2018)
=852  41$aBritish Library$bHMNTS$jELD Digital store$3Volume 102:Issue 9(2017)-***Previous issues available in print copy
=856  \\$31850-9999$uhttp://www.oxfordjournals.org/$xBLDSS
=856  40$uhttp://academic.oup.com/jcem/issue
=856  40$uhttp://bibpurl.oclc.org/web/6363
=856  40$uhttp://jcem.endojournals.org/
=856  40$uhttp://www.mdconsult.com/about/journallist/192030946-14/about0hrb.html
=859  \\$aELD$bejournal
=859  \\$aXLD$bejournal$cSFX
=945  \\$aJournal of Clinical Endocrinology and Metabolism.
=959  \\$fCurrently available
=979  \\$aBritish Library$bDSC$j4958.400000
=985  \\$aUpdated by MS generated file for WR2302-017
=ACF  \\$aPrevious copyright fee: GBP26.00$c29\0$e31-may-2017$fGBP26.00$g0$hP$5Uk
=ACF  \\$aPrevious copyright fee: GBP27.00$c29\0$e01-jan-2018$fGBP27.00$g0$hP$5Uk
=ACF  \\$aPrevious copyright fee: GBP28.00$c29\0$e01-jan-2019$fGBP28.00$g0$hP$5Uk
=ACF  \\$aPrevious Copyright Fee: GBP20.00$c29\0$e01-jan-2020$fGBP20.00$g0$hP$5Uk
=CAT  \\$a11450$b40$c20161128$lBLL01$h1049
=CAT  \\$aBLDSS-3PM$b00$c20170606$lBLL01$h1445
=CAT  \\$aBATCH-UPD$b00$c20170606$lBLL01$h1446
=CAT  \\$a8055$b40$c20170607$lBLL01$h1019
=CAT  \\$a12654$b40$c20170609$lBLL01$h1055
=CAT  \\$a10806$b40$c20170727$lBLL01$h1457
=CAT  \\$a10806$b40$c20170727$lBLL01$h1459
=CAT  \\$aBATCH-UPD$b40$c20171121$lBLL01$h1705
=CAT  \\$aW1711-1005$c20171206$lBLL01$h1829
=CAT  \\$aIPL-CLA$c20171231$lBLL01$h1833
=CAT  \\$a5410$b40$c20180727$lBLL01$h1206
=CAT  \\$aBATCH-UPD$b40$c20181217$lBLL01$h1653
=CAT  \\$aIPL-CLA$c20181231$lBLL01$h1555
=CAT  \\$aW1910-0530$c20191007$lBLL01$h1114
=CAT  \\$aR1911-1518$c20191206$lBLL01$h1419
=CAT  \\$aIPL-CLA$c20191231$lBLL01$h2043
=CAT  \\$a12654$b40$c20210114$lBLL01$h1151
=CAT  \\$aBATCH-UPD$b40$c20220308$lBLL01$h1736
=CAT  \\$aIPL-CLA$c20220331$lBLL01$h1953
=CAT  \\$a8055$b40$c20221214$lBLL01$h1136
=CAT  \\$aW2302-0174$c20230223$lBLL01$h2011
=CAT  \\$aS2302-1302$c20230322$lBLL01$h1708
=CAT  \\$aS2302-1302$c20230323$lBLL01$h1443
=CAT  \\$aIPL-CLA$c20230331$lBLL01$h1547
=CAT  \\$aS2304-0519$c20230412$lBLL01$h1141
=CAT  \\$aBATCH-SUPP$c20230426$lBLL01$h1111
=CFI  0\$aCurrent Copyright Fee: GBP32.00$c29\0$e01-apr-2023$fGBP32.00$g0$hP$5Uk
=CFI  2\$aPrevious copyright fee: GBP22.00$c29\0$e01-apr-2022$fGBP22.00$g0$hP$5Uk
=FFP  \\$aY$bBLDSS-3PM
=FIN  \\$aY$d20170727
=FMT  \\$a  SE
=LAS  \\$aBATCH-SUPP$b00$c20230426$lBLL01$h1111
=LKR  \\$aPAR$b010488623$lBLL01$r776$mJournal of clinical endocrinology & metabolism (Online)$nJournal of clinical endocrinology and metabolism (Print)
=MNI  \\$a0021-972X
=SID  \\$aZ39$bOCLC
=TOC  \\$aETOC
=UNO  \\$aY

