=LDR  05812cas a2201273 i 4500
=001  018119693
=003  Uk
=005  20230426111121.0
=006  m\\\\\o\\d\\\\\\\\
=007  cr\|||||||||||
=008  020102c19819999ncubr\pso\o\\\0\\\a0eng\c
=010  \\$a  2004242197
=015  \\$aGBB7C9780$2bnb
=016  7\$a026942437$2DE-101
=016  7\$a2173764-2$2DE-600
=022  0\$a1937-240X$202$l0278-0372
=030  \\$aJCBIDB
=035  \\$a(OCoLC)48683499$z(OCoLC)49749308
=037  \\$ajcb$bOxford University Press
=037  3\$aISSN_02780372_4$bPortico$nOxford University Press
=040  \\$aPIT$beng$cPIT$dBIK$dWCM$dOCLCQ$dF#A$dOCLCQ$dMYG$dMUQ$dEYM$dOCLCQ$dNSD$dDLC$dOCLCQ$dGBVCP$dOCLCQ$dOCLCF$dOCLCQ$dDEBBG$dUk
=041  0\$aeng$bfre$bger$bpor$bspa
=042  \\$apcc$ansdp$aukblsr$aissnuk
=050  10$aISSN RECORD
=050  14$aQL435.A1
=082  04$a595.305$223
=130  0\$aJournal of crustacean biology (Online)
=210  0\$aJ. crustac. biol.$b(Online)
=222  \0$aJournal of crustacean biology$b(Online)
=245  10$aJournal of crustacean biology :$ba quarterly of the Crustacean Society for the publication of research on any aspect of the biology of crustacea.
=246  30$aCrustacean biology
=260  \\$aWashington, D.C. :$bCrustacean Society,$c1981-
=264  31$32017-$aCary, NC :$bOxford University Press
=310  \\$aBimonthly,$b2012-
=321  \\$aQuarterly
=336  \\$atext$2rdacontent
=337  \\$acomputer$2rdamedia
=338  \\$aonline resource$2rdacarrier
=362  0\$aVol. 1, no. 1 (Feb. 1981)-
=500  \\$aTitle from cover (JSTOR, viewed Feb. 8, 2006).
=500  \\$aPlace of publication varies: San Antonio, Tex., May 1986-May 1992; Lawrence, Kan., Aug. 1992-
=530  \\$aAlso issued in print.
=538  \\$aMode of access: World Wide Web.
=540  \\$aCurrent Copyright Fee: GBP32.00$c29\0$5Uk
=546  \\$aSome abstracts also in French, German, Portuguese, and Spanish.
=550  \\$aIssued by the Crustacean Society.
=588  \\$aLatest issue consulted: volume 37, issue 1 (January 2017) (Oxford Academic, viewed July 28, 2017).
=650  \0$aCrustacea$vPeriodicals.
=650  \6$aCrustaceÌs$vPeÌriodiques.
=650  \7$aCrustacea.$2fast$0(OCoLC)fst00884440
=655  \7$aPeriodicals.$2fast$0(OCoLC)fst01411641
=710  2\$aCrustacean Society.
=776  1\$tJournal of crustacean biology$x0278-0372
=852  \\$aBritish Library$bDSC$j4965.680000$3Volume 37:Issue 1(2017)-Volume 41:Issue 4(2021)
=852  41$aBritish Library$bHMNTS$jELD Digital store$3Volume 34:Issue 1(2014)-***Previous issues available in print copy
=856  \\$31850-9999$uhttp://www.oxfordjournals.org/$xBLDSS
=856  40$uhttp://www.jstor.org/journals/02780372.html
=856  40$uhttp://www.bioone.org/bioone/?request=get-journals-list&issn=0278-0372
=856  42$3Tables of contents and abstracts$uhttp://apt.allenpress.com/aptonline/?request=get-archive&issn=0278-0372
=856  4\$uhttp://firstsearch.oclc.org$zAddress for accessing the journal using authorization number and password through OCLC FirstSearch Electronic Collections Online
=856  4\$uhttp://firstsearch.oclc.org/journal=0278-0372;screen=info;ECOIP$zAddress for accessing the journal from an authorized IP address through OCLC FirstSearch Electronic Collections Online
=856  40$uhttps://academic.oup.com/jcb
=859  \\$aELD$bejournal
=859  \\$aXLD$bejournal$cSFX
=945  \\$aJournal of Crustacean Biology.
=959  \\$fCurrently available
=979  \\$aBritish Library$bDSC$j4965.680000
=985  \\$aISSN responsibility transferred from U.S. Center to UK Centre, 12/12/17
=ACF  \\$aPrevious copyright fee: GBP26.00$c29\0$e01-jan-2017$fGBP26.00$g0$hP$5Uk
=ACF  \\$aPrevious copyright fee: GBP27.00$c29\0$e01-jan-2018$fGBP27.00$g0$hP$5Uk
=ACF  \\$aPrevious copyright fee: GBP28.00$c29\0$e01-jan-2019$fGBP28.00$g0$hP$5Uk
=ACF  \\$aPrevious Copyright Fee: GBP20.00$c29\0$e01-jan-2020$fGBP20.00$g0$hP$5Uk
=CAT  \\$a11450$b40$c20161128$lBLL01$h1115
=CAT  \\$aBATCH-UPD$b00$c20170116$lBLL01$h1617
=CAT  \\$a12654$b40$c20170609$lBLL01$h1121
=CAT  \\$a10806$b40$c20170728$lBLL01$h0942
=CAT  \\$a10806$b40$c20170728$lBLL01$h1034
=CAT  \\$aBATCH-UPD$b40$c20171121$lBLL01$h1705
=CAT  \\$aW1711-1005$c20171206$lBLL01$h1829
=CAT  \\$a10806$b40$c20171212$lBLL01$h1048
=CAT  \\$a10806$b40$c20171212$lBLL01$h1126
=CAT  \\$aIPL-CLA$c20171231$lBLL01$h1833
=CAT  \\$a5410$b40$c20180727$lBLL01$h1219
=CAT  \\$aBATCH-UPD$b40$c20181217$lBLL01$h1653
=CAT  \\$aIPL-CLA$c20181231$lBLL01$h1555
=CAT  \\$aW1910-0530$c20191007$lBLL01$h1114
=CAT  \\$aR1911-1518$c20191206$lBLL01$h1419
=CAT  \\$aIPL-CLA$c20191231$lBLL01$h2043
=CAT  \\$aBATCH-UPD$b00$c20220308$lBLL01$h1736
=CAT  \\$aIPL-CLA$c20220331$lBLL01$h1953
=CAT  \\$a8055$b40$c20221116$lBLL01$h1525
=CAT  \\$a10806$b40$c20221117$lBLL01$h0901
=CAT  \\$a10806$b40$c20221117$lBLL01$h0902
=CAT  \\$aS2302-1302$c20230322$lBLL01$h1708
=CAT  \\$aS2302-1302$c20230323$lBLL01$h1443
=CAT  \\$aIPL-CLA$c20230331$lBLL01$h1547
=CAT  \\$aS2304-0519$c20230412$lBLL01$h1141
=CAT  \\$aBATCH-SUPP$c20230426$lBLL01$h1111
=CFI  0\$aCurrent Copyright Fee: GBP32.00$c29\0$e01-apr-2023$fGBP32.00$g0$hP$5Uk
=CFI  2\$aPrevious copyright fee: GBP22.00$c29\0$e01-apr-2022$fGBP22.00$g0$hP$5Uk
=FFP  \\$aY$bBLDSS-3PM
=FIN  \\$aY$d20170728
=FMT  \\$a  SE
=LAS  \\$aBATCH-SUPP$b00$c20230426$lBLL01$h1111
=LKR  \\$aPAR$b010488965$lBLL01$r776$mJournal of crustacean biology (Online)$nJournal of crustacean biology (Print)
=MNI  \\$a0278-0372
=SID  \\$aZ39$bOCLC
=TOC  \\$aETOC
=UNO  \\$aY

