=LDR  05264cas a2201165 i 4500
=001  018119829
=003  Uk
=005  20230426111121.0
=006  m\\\\\|\\d\|\\\\\\
=007  cr\|||||||||||
=008  980619c19649999ncumr\pso\\\\\0\\\a0eng\c
=010  \\$a  2002213726
=015  \\$aGBB7C9785$2bnb
=022  \\$a1538-6724$l0031-9023$202
=035  \\$a(OCoLC)39316913$z(OCoLC)56094290$z(OCoLC)60637560$z(OCoLC)980501615$z(OCoLC)983782628$z(OCoLC)989738737
=037  \\$aptj$bOxford University Press
=037  3\$aISSN_00319023$bPortico$nOxford University Press
=040  \\$aFQM$beng$cFQM$dNSD$dOCLCQ$dNSD$dOCLCQ$dPIT$dOCLCQ$dLGG$dOCLCQ$dNUI$dOCLCF$dOCLCO$dEUW$dOCLCO$dOCLCQ$dOCLCO$dOCLCQ$dOCLCO$dOCLCQ$dOCLCO$dTSC$dOCLCO$dUk
=042  \\$aukblsr$aissnuk
=050  14$aRM695$b.A53
=060  \4$aINTERNET
=082  04$a615.8205$223
=130  0\$aPhysical therapy (Online)
=210  0\$aPhys. ther.$b(Online)
=222  \0$aPhysical therapy$b(Online)
=245  10$aPhysical therapy :$bjournal of the American Physical Therapy Association.
=246  1\$iMinor title change:$aPTJ :$bphysical therapy & rehabilitation journal,$f2021-
=260  \\$a[Alexandria, Va.] :$bAmerican Physical Therapy Association
=264  31$aCary, NC :$bOxford University Press
=336  \\$atext$2rdacontent
=337  \\$acomputer$2rdamedia
=338  \\$aonline resource$2rdacarrier
=362  1\$aPrint began with v. 44, Jan. 1964.
=530  \\$aAlso issued in print and 35mm microfilm (v.45- ), 16mm microfilm (v.51- ), and microfiche (v.56- ).
=538  \\$aMode of access: World Wide Web.
=540  \\$aCurrent Copyright Fee: GBP32.00$c29\0$5Uk
=588  \\$aDescription based on: Vol. 79, no. 1 (Jan. 1999); title from issue contents page (publisher's Web site, viewed June 16, 2005).
=588  \\$aLatest issue consulted: volume 103, issue 1 (January 2023) (Oxford Academic, viewed February 27, 2023).
=650  \0$aPhysical therapy$vPeriodicals.
=650  \7$aPhysical therapy.$2fast$0(OCoLC)fst01062771
=650  \2$aPhysical Therapy Modalities.
=650  \2$aRehabilitation.
=650  \2$aPhysical and Rehabilitation Medicine.
=655  \7$aPeriodicals.$2fast$0(OCoLC)fst01411641
=710  2\$aAmerican Physical Therapy Association.
=776  1\$tPhysical therapy$x0031-9023
=852  \\$aBritish Library$bDSC$j6476.350000$3Volume 96:Issue 11(2016)-Volume 102:Issue 5(2022)
=852  41$aBritish Library$bHMNTS$jELD Digital store$3Volume 89:Issue 2(2009)-***Previous issues available in print copy
=856  \\$31850-9999$uhttp://www.oxfordjournals.org/$xBLDSS
=856  40$uhttp://www.searchbank.com/searchbank/lcmlmain$zPhysical therapy$kRequires password.$zAffiliated users, call 305-243-6648.
=856  40$uhttp://www.ptjournal.org
=856  40$uhttps://academic.oup.com/ptj
=859  \\$aELD$bejournal
=859  \\$aXLD$bejournal$cSFX
=945  \\$aPhysical therapy.
=959  \\$fCurrently available
=979  \\$aBritish Library$bDSC$j6476.350000
=985  \\$aISSN responsibility transferred from US Center to ISSN UK, April 12 2018.
=985  \\$aUpdated by MS generated file for WR2302-017
=ACF  \\$aPrevious copyright fee: GBP26.00$c29\0$e01-jan-2017$fGBP26.00$g0$hP$5Uk
=ACF  \\$aPrevious copyright fee: GBP27.00$c29\0$e01-jan-2018$fGBP27.00$g0$hP$5Uk
=ACF  \\$aPrevious copyright fee: GBP28.00$c29\0$e01-jan-2019$fGBP28.00$g0$hP$5Uk
=ACF  \\$aPrevious Copyright Fee: GBP20.00$c29\0$e01-jan-2020$fGBP20.00$g0$hP$5Uk
=CAT  \\$a11450$b40$c20161128$lBLL01$h1343
=CAT  \\$aBATCH-UPD$b40$c20171121$lBLL01$h1705
=CAT  \\$aW1711-1005$c20171206$lBLL01$h1829
=CAT  \\$aIPL-CLA$c20171231$lBLL01$h1833
=CAT  \\$a10806$b40$c20180327$lBLL01$h1539
=CAT  \\$a11313$b40$c20180412$lBLL01$h1252
=CAT  \\$a5410$b40$c20180510$lBLL01$h0956
=CAT  \\$a5410$b40$c20180510$lBLL01$h1002
=CAT  \\$aBATCH-UPD$b40$c20181217$lBLL01$h1653
=CAT  \\$aIPL-CLA$c20181231$lBLL01$h1555
=CAT  \\$a12654$b40$c20190725$lBLL01$h0820
=CAT  \\$a12654$b40$c20190725$lBLL01$h0821
=CAT  \\$aW1910-0530$c20191007$lBLL01$h1114
=CAT  \\$aR1911-1518$c20191206$lBLL01$h1419
=CAT  \\$aIPL-CLA$c20191231$lBLL01$h2043
=CAT  \\$a8124$b40$c20210125$lBLL01$h1448
=CAT  \\$aBATCH-UPD$b40$c20220308$lBLL01$h1736
=CAT  \\$aIPL-CLA$c20220331$lBLL01$h1953
=CAT  \\$a8055$b40$c20221116$lBLL01$h1458
=CAT  \\$aW2302-0174$c20230223$lBLL01$h2011
=CAT  \\$a10806$b40$c20230227$lBLL01$h1333
=CAT  \\$aS2302-1302$c20230322$lBLL01$h1708
=CAT  \\$aS2302-1302$c20230323$lBLL01$h1444
=CAT  \\$aIPL-CLA$c20230331$lBLL01$h1547
=CAT  \\$aS2304-0519$c20230412$lBLL01$h1141
=CAT  \\$aBATCH-SUPP$c20230426$lBLL01$h1111
=CFI  0\$aCurrent Copyright Fee: GBP32.00$c29\0$e01-apr-2023$fGBP32.00$g0$hP$5Uk
=CFI  2\$aPrevious copyright fee: GBP22.00$c29\0$e01-apr-2022$fGBP22.00$g0$hP$5Uk
=FFP  \\$aY$bBLDSS-3PM
=FIN  \\$aY$d20170728
=FMT  \\$a  SE
=LAS  \\$aBATCH-SUPP$b00$c20230426$lBLL01$h1111
=LKR  \\$aPAR$b007862868$lBLL01$r776$mPhysical therapy (Online)$nPhysical therapy (Print)
=MNI  \\$a0031-9023
=SID  \\$aZ39$bOCLC
=TOC  \\$aETOC
=UNO  \\$aY

