=LDR  04375cas a2201021 i 4500
=001  018148108
=003  Uk
=005  20230426111122.0
=006  m\\\\\|\\d\|\\\\\\
=007  cr\|||||||||||
=008  161219c19969999ncubx\p\o\\\\\0\\\a0eng\\
=015  \\$aGBB7H2056$2bnb
=022  0\$a1918-1485$202$l1205-7088
=037  \\$apch$bOxford University Press
=037  3\$aISSN_12057088$bPortico$nOxford University Press
=040  \\$aUk$beng$cUk$erda
=042  \\$aukblsr$aissnuk
=082  04$a618.92$223
=210  0\$aPaediatr. child health$b(Online)
=222  \0$aPaediatrics & child health$b(Online)
=245  00$aPaediatrics & Child Health.
=264  \1$aOakville, Ontario :$bPulsus Group Inc.
=264  31$32017-$aCary, North Carolina :$bOxford University Press
=310  \\$aEight times a year
=321  \\$aMonthly
=336  \\$atext$2rdacontent
=337  \\$acomputer$2rdamedia
=338  \\$aonline resource$2rdacarrier
=362  0\$aVolume 1, issue 1 (July 1996)-
=500  \\$aTitle from journal homepage (Oxford Academic, viewed September 22, 2017).
=540  \\$aCurrent Copyright Fee: GBP32.00$c29\0$5Uk
=588  \\$aLatest issue consulted: volume 22, issue 6 (September 2017) (Oxford Academic, viewed September 22, 2017).
=650  \0$aPediatrics$vPeriodicals.
=650  \0$aChildren$xHealth and hygiene$vPeriodicals.
=710  2\$aCanadian Paediatric Society,$eissuing body.
=776  08$iAlso issued in print as:$tPaediatrics & child health$x1205-7088
=852  \\$aBritish Library$bDSC$j6333.450500$3Volume 22:Issue 2(2017)-Volume 27:Issue 3(2022)***See ESTAR for full holdings.
=852  41$aBritish Library$bHMNTS$jELD Digital store$3Volume 19:Issue 1(2014)-
=856  40$31850-9999$uhttp://www.oxfordjournals.org/$xBLDSS
=856  40$uhttp://www.pulsus.com/journals/journalHome.jsp?sCurrPg=journal&jnlKy=5&fold=Home$zLink no longer valid
=856  40$uhttps://academic.oup.com/pch
=859  \\$aELD$bejournal
=859  \\$aXLD$bejournal$cSFX
=945  \\$aPaediatrics and Child Health.
=959  \\$fCurrently available
=979  \\$aBritish Library$bDSC$j6333.450500
=985  \\$aISSN responsibility transferred from ISSN Canada to ISSN UK (26/09/17)
=ACF  \\$aPrevious copyright fee: GBP26.00$c29\0$e01-jan-2017$fGBP26.00$g0$hP$5Uk
=ACF  \\$aPrevious copyright fee: GBP27.00$c29\0$e01-jan-2018$fGBP27.00$g0$hP$5Uk
=ACF  \\$aPrevious copyright fee: GBP28.00$c29\0$e01-jan-2019$fGBP28.00$g0$hP$5Uk
=ACF  \\$aPrevious Copyright Fee: GBP20.00$c29\0$e01-jan-2020$fGBP20.00$g0$hP$5Uk
=CAT  \\$a10983$b40$c20161219$lBLL01$h1535
=CAT  \\$a10806$b40$c20170922$lBLL01$h1055
=CAT  \\$a10806$b40$c20170926$lBLL01$h0930
=CAT  \\$aBATCH-UPD$b40$c20171121$lBLL01$h1705
=CAT  \\$aW1711-1005$c20171206$lBLL01$h1830
=CAT  \\$aIPL-CLA$c20171231$lBLL01$h1833
=CAT  \\$a10983$b40$c20180324$lBLL01$h0914
=CAT  \\$aBATCH-UPD$b40$c20181217$lBLL01$h1653
=CAT  \\$aIPL-CLA$c20181231$lBLL01$h1556
=CAT  \\$a5410$b40$c20190311$lBLL01$h1535
=CAT  \\$a5410$b40$c20190319$lBLL01$h1531
=CAT  \\$a5410$b40$c20190326$lBLL01$h1353
=CAT  \\$aW1910-0530$c20191007$lBLL01$h1114
=CAT  \\$aR1911-1518$c20191206$lBLL01$h1419
=CAT  \\$aIPL-CLA$c20191231$lBLL01$h2043
=CAT  \\$a12654$b40$c20210114$lBLL01$h1047
=CAT  \\$aBATCH-UPD$b40$c20220308$lBLL01$h1736
=CAT  \\$aIPL-CLA$c20220331$lBLL01$h1953
=CAT  \\$a8055$b40$c20221115$lBLL01$h1244
=CAT  \\$a8055$b40$c20221115$lBLL01$h1246
=CAT  \\$a8055$b40$c20221116$lBLL01$h1055
=CAT  \\$aS2302-1302$c20230322$lBLL01$h1708
=CAT  \\$aS2302-1302$c20230323$lBLL01$h1444
=CAT  \\$aIPL-CLA$c20230331$lBLL01$h1547
=CAT  \\$aS2304-0519$c20230412$lBLL01$h1141
=CAT  \\$aBATCH-SUPP$c20230426$lBLL01$h1111
=CFI  0\$aCurrent Copyright Fee: GBP32.00$c29\0$e01-apr-2023$fGBP32.00$g0$hP$5Uk
=CFI  2\$aPrevious copyright fee: GBP22.00$c29\0$e01-apr-2022$fGBP22.00$g0$hP$5Uk
=FFP  \\$aY$bBLDSS-3PM
=FIN  \\$aY$d20170922
=FMT  \\$a  SE
=LAS  \\$aBATCH-SUPP$b00$c20230426$lBLL01$h1111
=LET  \0$aPaediatrics & child health (Electronic)
=LKR  \\$aPAR$b007187457$lBLL01$r776$mPaediatrics & child health (Online)$nPaediatrics & child health (Print)
=MNI  \\$a1205-7088
=TOC  \\$aETOC
=UNO  \\$aY

