=LDR  04850cas a2201081 a 4500
=001  015264129
=003  Uk
=005  20230426110957.0
=006  m\\\\\\\\d\|\\\\\\
=007  cr||||||||||||
=008  090522c20109999enkbr\p\o\\\\\0\\\a0eng\\
=015  \\$aGBB0C4221$2bnb
=022  0\$a2041-2657$y2041-2649$202
=037  \\$abfgp$bOxford University Press
=037  3\$aISSN_20412649$bPortico$nOxford University Press
=040  \\$aUk$beng$cUk$dUk
=042  \\$aissnuk$aukblsr
=082  04$a572.86072$222
=130  0\$aBriefings in functional genomics (Online)
=222  \0$aBriefings in functional genomics$b(Online)
=245  10$aBriefings in functional genomics$h[electronic resource].
=260  \\$aOxford :$bOxford University Press
=310  \\$aBimonthly
=336  \\$atext$2rdacontent
=337  \\$acomputer$2rdamedia
=338  \\$aonline resource$2rdacarrier
=362  0\$aVol. 9, no. 1 (Jan. 2010)-
=500  \\$aMost issues also have distinctive titles.
=500  \\$aTitle from front matter pdf (Oxford Journals website, viewed Oct. 19, 2010).
=540  \\$aCurrent Copyright Fee: GBP32.00$c29\0$5Uk
=588  \\$aLatest issue consulted: volume 12, number 6 (November 2013) (viewed January 17, 2014).
=595  \\$aDSC print copy Not Selected.
=650  \0$aGenomics$xMethodology$vPeriodicals.
=650  \0$aGenomics$xTechnological innovations$vPeriodicals.
=776  08$iAlso issued in print as:$tBriefings in functional genomics$x2041-2649
=780  00$tBriefings in functional genomics and proteomics (Online)$x1477-4062
=852  41$aBritish Library$bHMNTS$jELD Digital store$3Volume 13:Number 1(2014:Jan.)-***Previous issues available in print copy
=852  41$aBritish Library$bDSC$j2283.958366$3Volume 9:Issue 1(2010)-Volume 10:Issue 6(2011)***See ESTAR for full holdings.
=856  \\$31850-9999$uhttp://ukcatalogue.oup.com/$xBLDSS
=856  40$uhttp://bfg.oxfordjournals.org
=859  \\$aXLD$bejournal$cSFX
=859  \\$aELD$bejournal
=945  \\$aBriefings in functional genomics
=959  \\$fCurrently available
=979  \\$aBritish Library$bDSC$j2283.958366N
=ACF  \\$aPrevious copyright fee: GBP18.00$c29\0$e09-aug-2010$fGBP18.00$g0$hP$5Uk
=ACF  \\$aPrevious copyright fee: GBP20.00$c29\0$e01-jan-2013$fGBP20.00$g0$hP$5Uk
=ACF  \\$aPrevious copyright fee: GBP23.00$c29\0$e01-jan-2015$fGBP23.00$g0$hP$5Uk
=ACF  \\$aPrevious copyright fee: GBP24.00$c29\0$e01-jan-2016$fGBP24.00$g0$hP$5Uk
=ACF  \\$aPrevious copyright fee: GBP26.00$c29\0$e01-jan-2017$fGBP26.00$g0$hP$5Uk
=ACF  \\$aPrevious copyright fee: GBP27.00$c29\0$e01-jan-2018$fGBP27.00$g0$hP$5Uk
=ACF  \\$aPrevious copyright fee: GBP28.00$c29\0$e01-jan-2019$fGBP28.00$g0$hP$5Uk
=ACF  \\$aPrevious Copyright Fee: GBP20.00$c29\0$e01-jan-2020$fGBP20.00$g0$hP$5Uk
=CAT  \\$a11315$b40$c20090522$lBLL01$h1157
=CAT  \\$aBLDSS-3PM$b00$c20141208$lBLL01$h1627
=CAT  \\$aIPL-CLA$c20141231$lBLL01$h1700
=CAT  \\$aBATCH-UPD$b00$c20151119$lBLL01$h1552
=CAT  \\$aIPL-CLA$c20151231$lBLL01$h1930
=CAT  \\$aBATCH-UPD$b00$c20160524$lBLL01$h2213
=CAT  \\$aBATCH-UPD$b00$c20160525$lBLL01$h0041
=CAT  \\$aBATCH-UPD$b00$c20161122$lBLL01$h1521
=CAT  \\$aIPL-CLA$c20161230$lBLL01$h2332
=CAT  \\$aBATCH-UPD$b00$c20171121$lBLL01$h1704
=CAT  \\$aW1711-1005$c20171206$lBLL01$h1821
=CAT  \\$aIPL-CLA$c20171231$lBLL01$h1753
=CAT  \\$aBATCH-UPD$b00$c20181217$lBLL01$h1652
=CAT  \\$aIPL-CLA$c20181231$lBLL01$h1549
=CAT  \\$aW1910-0530$c20191007$lBLL01$h1114
=CAT  \\$aR1911-1518$c20191206$lBLL01$h1418
=CAT  \\$aIPL-CLA$c20191231$lBLL01$h2018
=CAT  \\$aBATCH-UPD$b00$c20220308$lBLL01$h1735
=CAT  \\$aIPL-CLA$c20220331$lBLL01$h1952
=CAT  \\$a12654$b40$c20230123$lBLL01$h0806
=CAT  \\$aS2302-1302$c20230322$lBLL01$h1707
=CAT  \\$aS2302-1302$c20230322$lBLL01$h1708
=CAT  \\$aS2302-1302$c20230323$lBLL01$h1443
=CAT  \\$aIPL-CLA$c20230331$lBLL01$h1547
=CAT  \\$aS2304-0519$c20230412$lBLL01$h1140
=CAT  \\$aBATCH-SUPP$c20230426$lBLL01$h1109
=CFI  0\$aCurrent Copyright Fee: GBP32.00$c29\0$e01-apr-2023$fGBP32.00$g0$hP$5Uk
=CFI  2\$aPrevious copyright fee: GBP22.00$c29\0$e01-apr-2022$fGBP22.00$g0$hP$5Uk
=EST  \\$a1
=FFP  \\$aY$bBLDSS-3PM
=FIN  \\$aY$d20100320
=FMT  \\$a  SE
=LAS  \\$aBATCH-SUPP$b00$c20230426$lBLL01$h1109
=LET  \0$aBriefings in functional genomics (Online)
=LKR  \\$aPAR$b015264128$lBLL01$r776$mBriefings in functional genomics (Online)$nBriefings in functional genomics (Print)
=LKR  \\$aPAR$b013943293$lBLL01$r78000$mBriefings in functional genomics$nBriefings in functional genomics and proteomics
=MNI  \\$a2041-2649
=TCO  \\$aCLA$bCLA$c008
=TOC  \\$aETOC
=UNO  \\$aY

