=LDR  04948cas a2201117 a 4500
=001  016431509
=003  Uk
=005  20230426111047.0
=006  m\\\\\o\\d\\\\\\\\
=007  cr\un|||||||||
=008  011030c19499999enkbr\pso\\\\\0\\\a0eng\d
=015  \\$aGBB420249$2bnb
=022  0\$a2053-051X$202
=030  \\$aPASJAC
=035  \\$a(OCoLC)48236656
=037  \\$apasj$bOxford University Press
=037  3\$aISSN_00046264$bPortico$nOxford University Press
=040  \\$aUND$beng$cUND$dOCLCQ$dMUQ$dOCLCS$dZ5A$dTXJ$dOCLCQ$dCUD$dCUI$dOCLCQ$dUk
=042  \\$aukblsr$aissnuk
=050  14$aQB1$b.N5
=082  04$a520.5$223
=130  0\$aPublications of the Astronomical Society of Japan (Online)
=222  \0$aPublications of the Astronomical Society of Japan$b(Online)
=245  10$aPublications of the Astronomical Society of Japan$h[electronic resource].
=246  16$aPASJ$f<1999>-
=260  \\$aTokyo :$bAstronomical Society of Japan,$c1949-
=264  31$32014-$a[Oxford] :$bOxford University Press on behalf of the Astronomical Society of Japan
=310  \\$a6 no. a year,$b<1999->
=321  \\$aFour no. a year,$b1949-
=336  \\$atext$2rdacontent
=337  \\$acomputer$2rdamedia
=338  \\$aonline resource$2rdacarrier
=362  0\$aV. 1 (1949)-
=530  \\$aAlso issued in print.
=538  \\$aMode of access: World Wide Web.
=540  \\$aCurrent Copyright Fee: GBP33.00$c29\0$5Uk
=555  \\$aGeneral index: v. 41 (1989)-50 (1998). 1 v.
=588  \\$aDescription based on: Vol. 53, no. 1 (2001); title from general information screen (Oct. 30, 2001).
=588  \\$aLatest issue consulted: advance access article, published February 19, 2014 (Oxford Journals, viewed February 20, 2014).
=650  \0$aAstronomy$vPeriodicals.
=710  2\$aNihon Tenmon Gakkai.
=776  08$iPrint version:$aNihon Tenmon Gakkai.$tPublications of the Astronomical Society of Japan$x0004-6264
=852  \\$aBritish Library$bDSC$j7029.000000
=852  41$aBritish Library$bHMNTS$jELD Digital store$3Volume 48:Number 1(1996:Feb.)-***Previous issues available in print copy
=856  \\$31850-9999$uhttp://www.oxfordjournals.org/$xBLDSS
=856  40$uhttp://pasj.asj.or.jp/
=856  40$uhttp://pasj.oxfordjournals.org/
=859  \\$aELD$bejournal
=859  \\$aXLD$bejournal$cSFX
=959  \\$fCurrently available
=979  \\$aBritish Library$bDSC$j7029.000000
=ACF  \\$aCurrent Copyright Fee: GBP16.00$c0$e01-jul-2015$fGBP16.00$g0$hC$5Uk
=ACF  \\$aBritish Library not licensed to copy$c0$e01-jul-2014$hC$iCFP Excluded$5Uk
=ACF  \\$aPrevious copyright fee: GBP24.00$c29\0$e18-feb-2016$fGBP24.00$g0$hP$5Uk
=ACF  \\$aPrevious copyright fee: GBP26.00$c29\0$e01-jan-2017$fGBP26.00$g0$hP$5Uk
=ACF  \\$aPrevious copyright fee: GBP27.00$c29\0$e01-jan-2018$fGBP27.00$g0$hP$5Uk
=ACF  \\$aPrevious copyright fee: GBP28.00$c29\0$e01-jan-2019$fGBP28.00$g0$hP$5Uk
=ACF  \\$aPrevious Copyright Fee: GBP20.00$c29\0$e01-jan-2020$fGBP20.00$g0$hP$5Uk
=CAT  \\$a11315$b40$c20130614$lBLL01$h0911
=CAT  \\$aBATCH-CLA$b00$c20150529$lBLL01$h1528
=CAT  \\$aIPL-CLA$c20150630$lBLL01$h1720
=CAT  \\$a12654$b40$c20160218$lBLL01$h0806
=CAT  \\$aBLDSS-3PM$b00$c20160225$lBLL01$h1643
=CAT  \\$aBATCH-UPD$b00$c20160413$lBLL01$h1826
=CAT  \\$aBATCH-UPD$b00$c20160522$lBLL01$h2353
=CAT  \\$aBATCH-UPD$b00$c20160524$lBLL01$h2215
=CAT  \\$aBATCH-UPD$b00$c20161122$lBLL01$h1522
=CAT  \\$aIPL-CLA$c20161231$lBLL01$h0011
=CAT  \\$aBATCH-UPD$b00$c20171121$lBLL01$h1705
=CAT  \\$aW1711-1005$c20171206$lBLL01$h1825
=CAT  \\$aIPL-CLA$c20171231$lBLL01$h1819
=CAT  \\$aBATCH-UPD$b00$c20181217$lBLL01$h1653
=CAT  \\$aIPL-CLA$c20181231$lBLL01$h1553
=CAT  \\$aW1910-0530$c20191007$lBLL01$h1114
=CAT  \\$aR1911-1518$c20191206$lBLL01$h1419
=CAT  \\$aIPL-CLA$c20191231$lBLL01$h2035
=CAT  \\$aBATCH-UPD$b00$c20220308$lBLL01$h1735
=CAT  \\$aIPL-CLA$c20220331$lBLL01$h1952
=CAT  \\$a12654$b40$c20230302$lBLL01$h1241
=CAT  \\$aS2302-1302$c20230322$lBLL01$h1708
=CAT  \\$aS2302-1302$c20230323$lBLL01$h1444
=CAT  \\$aIPL-CLA$c20230331$lBLL01$h1547
=CAT  \\$aS2304-0519$c20230412$lBLL01$h1140
=CAT  \\$aBATCH-SUPP$c20230426$lBLL01$h1110
=CFI  0\$aCurrent Copyright Fee: GBP33.00$c29\0$e01-apr-2023$fGBP33.00$g0$hP$5Uk
=CFI  2\$aPrevious copyright fee: GBP22.00$c29\0$e01-apr-2022$fGBP22.00$g0$hP$5Uk
=FFP  \\$aY$bBLDSS-3PM
=FIN  \\$aY$d20140220
=FMT  \\$a  SE
=LAS  \\$aBATCH-SUPP$b00$c20230426$lBLL01$h1110
=LET  \0$aPublications of the Astronomical Society of Japan (Electronic)
=LKR  \\$aPAR$b008547054$lBLL01$nPublications of the Astronomical Society of Japan (Print)$mPublications of the Astronomical Society of Japan (Online)$r776
=MNI  \\$a0004-6264
=SID  \\$aZ39$bOCLC
=TOC  \\$aETOC
=UNO  \\$aY

