=LDR  05139cas a2201201 a 4500
=001  016436679
=003  Uk
=005  20230801113137.0
=006  m\\\\\o\\d\\\\\\\\
=007  cr\mnu||||||||
=008  971015c19949999enkbr\pso\\\\\0\\\a0eng\c
=010  \\$a2011242009
=015  \\$aGBB575732$2bnb
=022  0\$a1473-5695$l0969-9546
=035  \\$a(OCoLC)37785825
=037  \\$aISSN_09699546$bPortico$nLippincott Williams & Wilkins
=040  \\$aF#A$beng$cF#A$dOCL$dOCLCQ$dVAM$dOCL$dOCLCQ$dMYG$dBUF$dOCLCQ$dUk
=042  \\$aukblsr
=043  \\$ae------
=050  \4$aRC86$b.E97
=060  00$aW1$bEU72DDK
=082  04$a616.025$223
=130  0\$aEuropean journal of emergency medicine (Online)
=210  0\$aEur. j. emerg. med.$b(Online)
=222  \0$aEuropean journal of emergency medicine$b(Online)
=245  10$aEuropean journal of emergency medicine$h[electronic resource].
=246  13$aEJEM
=260  \\$a[Andover, Hants, United Kingdom] :$bChapman & Hall,$c1994-
=264  31$aLondon :$bLippincott Williams & Wilkins
=310  \\$aSix issues per year,$b2004-
=321  \\$aQuarterly,$b1994-2003
=336  \\$atext$2rdacontent
=337  \\$acomputer$2rdamedia
=338  \\$aonline resource$2rdacarrier
=362  1\$aBegan with v. 1, issue 1 (Mar. 1994).
=538  \\$aMode of access: World Wide Web.
=540  \\$aCurrent copyright fee: GBP32.00$c20\0$5Uk
=550  \\$aOfficial journal of the European Society for Emergency Medicine.
=588  \\$aDescription based on: Vol. 4, no. 1 (1997); title from journal information screen.
=588  \\$aLatest issue consulted: volume 22, issue 3 (June 2015) (Wolters Kluwer, viewed June 11, 2015).
=590  \\$aUnavailable for ingest. Title purchased with no perpetual access.
=650  \0$aEmergency medicine$zEurope$vPeriodicals.
=650  \0$aMedical emergencies$zEurope$vPeriodicals.
=650  \0$aEmergency medical services$zEurope$vPeriodicals.
=650  \2$aEmergencies$zEurope$vPeriodicals.
=650  \2$aEmergency Medical Services$zEurope$vPeriodicals.
=650  \2$aEmergency Medicine$zEurope$vperiodicals.
=710  2\$aEuropean Society for Emergency Medicine.
=776  08$iAlso issued in print version as:$tEuropean journal of emergency medicine$x0969-9546
=852  41$aBritish Library$bHMNTS$jELD Digital store$3Volume 22:Number 1(2015)-***Previous issues available in print copy
=852  \\$aBritish Library$bDSC$j3829.728600
=856  \\$31850-9999$uhttp://journals.lww.com$xBLDSS
=856  40$uhttp://journals.lww.com/euro-emergencymed/pages/default.aspx
=859  \\$aXLD$bejournal$cSFX
=859  \\$aELD$bejournal
=945  \\$aEuropean journal of emergency medicine
=959  \\$fCurrently available
=979  \\$aBritish Library$bDSC$j3829.728600
=985  \\$aISSN responsibility transferred to U.S. ISSN Center, 06/10/14
=ACF  \\$aPrevious copyright fee: GBP29.38$c20\0$e25-jun-2013$fGBP29.38$g0$hP$5Uk
=ACF  \\$aPrevious copyright fee: GBP28.48$c20\0$e01-jul-2014$fGBP28.48$g0$hP$5Uk
=ACF  \\$aPrevious copyright fee: GBP30.32$c20\0$e01-apr-2015$fGBP30.32$g0$hP$5Uk
=ACF  \\$aPrevious copyright fee: GBP31.33$c20\0$e01-jul-2015$fGBP31.33$g0$hP$5Uk
=CAT  \\$a12654$b40$c20130625$lBLL01$h0751
=CAT  \\$a12654$b40$c20130625$lBLL01$h0806
=CAT  \\$a8483$b40$c20130716$lBLL01$h1145
=CAT  \\$a8483$b40$c20130716$lBLL01$h1147
=CAT  \\$aBATCH-UPD$b40$c20140527$lBLL01$h2037
=CAT  \\$aBATCH-CLA$c20140528$lBLL01$h1816
=CAT  \\$aIPL-CLA$c20140630$lBLL01$h1800
=CAT  \\$a10806$b40$c20141001$lBLL01$h1503
=CAT  \\$a10806$b40$c20141006$lBLL01$h0916
=CAT  \\$aBLDSS-3PM$b00$c20141116$lBLL01$h1732
=CAT  \\$aBATCH-UPD$b00$c20150219$lBLL01$h1729
=CAT  \\$aIPL-CLA$c20150331$lBLL01$h1724
=CAT  \\$a8311$b40$c20150519$lBLL01$h1146
=CAT  \\$aBATCH-UPD$b40$c20150520$lBLL01$h1739
=CAT  \\$a11205$b40$c20150611$lBLL01$h1034
=CAT  \\$aIPL-CLA$c20150630$lBLL01$h1720
=CAT  \\$aBATCH-UPD$b00$c20150820$lBLL01$h1825
=CAT  \\$aIPL-CLA$c20150930$lBLL01$h1848
=CAT  \\$aBATCH-UPD$b00$c20160217$lBLL01$h1713
=CAT  \\$aIPL-CLA$c20160331$lBLL01$h1812
=CAT  \\$aBATCH-UPD$b00$c20160524$lBLL01$h2159
=CAT  \\$aBATCH-UPD$b00$c20160524$lBLL01$h2306
=CAT  \\$aW1711-1005$c20171206$lBLL01$h1825
=CAT  \\$a12654$b40$c20230801$lBLL01$h1130
=CAT  \\$a12654$b40$c20230801$lBLL01$h1131
=CFI  0\$aCurrent copyright fee: GBP32.00$c20\0$e01-apr-2016$fGBP32.00$g0$hP$5Uk
=CFI  2\$aPrevious copyright fee: GBP30.32$c20\0$e01-oct-2015$fGBP30.32$g0$hP$5Uk
=EST  \\$a1
=FFP  \\$aY$bBLDSS-3PM
=FIN  \\$aY$d20130716
=FMT  \\$a  SE
=LAS  \\$a12654$b40$c20230801$lBLL01$h1131
=LEO  \\$aMP22.0000066431
=LET  \0$aEuropean journal of emergency medicine (Electronic)
=LKR  \\$aPAR$b009083318$lBLL01$r776$mEuropean journal of emergency medicine (Online)$nEuropean journal of emergency medicine (Print)
=MNI  \\$a0969-9546
=SID  \\$aZ39$bOCLC
=SRC  \\$aISN01$bbibmp22.200404.2.aa
=TOC  \\$aETOC
=UNO  \\$aY

