=LDR  04638cas a2201141 a 4500
=001  016439864
=003  Uk
=005  20230802104430.0
=006  m\\\\\o\\d\\\\\\\\
=007  cr\cnu||||||||
=008  040224c20019999nyuer\pso\\\\\0\\\a0eng\c
=010  \\$a2004213020
=015  \\$aGBB596997$2bnb
=016  7\$a2183726-0$2DE-600
=016  7\$a027307298$2DE-101
=022  0\$a1548-7822$l1533-7006$y1533-7006$21
=035  \\$a(OCoLC)54474485
=037  \\$aISSN_15537006$bPortico$nLippincott Williams & Wilkins
=040  \\$aNSD$beng$cNSD$dMUQ$dOCLCQ$dHEBIS$dDEBBG$dOCLCQ$dGBVCP$dOCLCQ$dUk
=042  \\$aukblsr$ansdp
=082  10$a616.8$223
=130  0\$aNeurology today (Online)
=210  0\$aNeurol. today$b(Online)
=222  \0$aNeurology today$b(Online)
=245  10$aNeurology today$h[electronic resource].
=260  \\$aNew York, NY :$bPublished for the Academy by Lippincott Williams & Wilkins,
=310  \\$aBiweekly
=321  \\$aMonthly
=321  \\$aQuarterly,$b2001
=336  \\$atext$2rdacontent
=337  \\$acomputer$2rdamedia
=338  \\$aonline resource$2rdacarrier
=362  0\$aVol. 1, issue 1 (May/June 2001)-
=500  \\$aTitle from banner (viewed Feb. 24, 2004).
=538  \\$aMode of access: World Wide Web.
=540  \\$aCurrent copyright fee: GBP32.00$c20\0$5Uk
=550  \\$aOfficial publication of the American Academy of Neurology.
=588  \\$aLatest issue consulted: volume 15, issue 14 (July 16, 2015); viewed on journal website, July 21 2015.
=590  \\$aUnavailable for ingest. Title purchased with no perpetual access.
=650  \0$aNervous system$xDiseases$vPeriodicals.
=650  \6$aNeurologie$vPeÌriodiques.
=710  2\$aAmerican Academy of Neurology.
=776  08$iPrint version:$tNeurology today$x1533-7006
=852  41$aBritish Library$bSTI$jELD Digital store$3Volume 15:Issue 1(2015:Jan. 01)-***Previous issues available in print copy
=852  41$aBritish Library$bDSC$j6081.503200
=856  \\$31850-9999$uhttp://journals.lww.com$xBLDSS
=856  40$uhttp://journals.lww.com/neurotodayonline/Pages/default.aspx
=856  40$uhttp://www.neurotodayonline.com
=859  \\$aXLD$bejournal$cSFX
=859  \\$aELD$bejournal
=945  \\$aNeurology today
=959  \\$fCurrently available
=979  \\$aBritish Library$bDSC$j6081.503200
=985  \\$aAC: 710 not on NACO.
=ACF  \\$aPrevious copyright fee: GBP30.32$c20\0$e01-jul-2013$fGBP30.32$g0$hP$5Uk
=ACF  \\$aPrevious copyright fee: GBP29.38$c20\0$e01-jan-2014$fGBP29.38$g0$hP$5Uk
=ACF  \\$aPrevious copyright fee: GBP28.48$c20\0$e01-jul-2014$fGBP28.48$g0$hP$5Uk
=ACF  \\$aPrevious copyright fee: GBP30.32$c20\0$e01-apr-2015$fGBP30.32$g0$hP$5Uk
=ACF  \\$aPrevious copyright fee: GBP31.33$c20\0$e01-jul-2015$fGBP31.33$g0$hP$5Uk
=CAT  \\$a12654$b40$c20130701$lBLL01$h1341
=CAT  \\$a8483$b40$c20130724$lBLL01$h1310
=CAT  \\$a8483$b40$c20130906$lBLL01$h1153
=CAT  \\$a8055$b40$c20131011$lBLL01$h1150
=CAT  \\$aBATCH-UPD$b40$c20131119$lBLL01$h2010
=CAT  \\$aIPL-CLA$c20140101$lBLL01$h0212
=CAT  \\$aBATCH-UPD$b00$c20140527$lBLL01$h2037
=CAT  \\$aBATCH-CLA$c20140528$lBLL01$h1816
=CAT  \\$aIPL-CLA$c20140630$lBLL01$h1800
=CAT  \\$aBLDSS-3PM$b00$c20141116$lBLL01$h1732
=CAT  \\$aBATCH-UPD$b00$c20150219$lBLL01$h1729
=CAT  \\$aIPL-CLA$c20150331$lBLL01$h1724
=CAT  \\$aBATCH-UPD$b00$c20150520$lBLL01$h1739
=CAT  \\$a10876$b40$c20150529$lBLL01$h1057
=CAT  \\$aIPL-CLA$c20150630$lBLL01$h1720
=CAT  \\$a11315$b40$c20150721$lBLL01$h1126
=CAT  \\$aBATCH-UPD$b40$c20150820$lBLL01$h1825
=CAT  \\$aIPL-CLA$c20150930$lBLL01$h1848
=CAT  \\$aBATCH-UPD$b00$c20160217$lBLL01$h1713
=CAT  \\$aIPL-CLA$c20160331$lBLL01$h1812
=CAT  \\$aBATCH-UPD$b00$c20160519$lBLL01$h0851
=CAT  \\$aBATCH-UPD$b00$c20160524$lBLL01$h2159
=CAT  \\$aW1711-1005$c20171206$lBLL01$h1825
=CAT  \\$a12654$b40$c20230802$lBLL01$h1040
=CAT  \\$a12654$b40$c20230802$lBLL01$h1041
=CAT  \\$a12654$b40$c20230802$lBLL01$h1044
=CFI  0\$aCurrent copyright fee: GBP32.00$c20\0$e01-apr-2016$fGBP32.00$g0$hP$5Uk
=CFI  2\$aPrevious copyright fee: GBP30.32$c20\0$e01-oct-2015$fGBP30.32$g0$hP$5Uk
=EST  \\$a1
=FFP  \\$aY$bBLDSS-3PM
=FIN  \\$aY$d20130724
=FMT  \\$a  SE
=LAS  \\$a12654$b40$c20230802$lBLL01$h1044
=LET  \0$aNeurology today (Electronic)
=LKR  \\$aPAR$b005495584$lBLL01$r776$mNeurology today (Online)$nNeurology today.
=MNI  \\$a1533-7006
=SID  \\$aZ39$bOCLC
=TOC  \\$aETOC
=UNO  \\$aY

