=LDR  04373cas a2201033 i 4500
=001  016450020
=003  Uk
=005  20230802094943.0
=006  m\\\\\\\\d\\\\\\\\
=007  cr\|||||||||||
=008  130710c20119999paubr\p\o\\\\\0\\\a0eng\\
=015  \\$aGBB596996$2bnb
=022  0\$a2163-0933$l2163-0402
=037  \\$aISSN_21630402$bPortico$nLippincott Williams & Wilkins
=040  \\$aUk$beng$cUk$erda
=042  \\$aukblsr
=082  04$a616.8$223
=210  0\$aNeurol., clin. pract.$b(Online)
=222  \0$aNeurology. Clinical practice$b(Online)
=245  00$aNeurology.$pClinical practice.
=264  \1$a[Philadelphia, PA] :$bLippincott Williams & Wilkins
=310  \\$aBimonthly,$b2013-
=321  \\$aQuarterly,$b-2012
=336  \\$atext$2rdacontent
=337  \\$acomputer$2rdamedia
=338  \\$aonline resource$2rdacarrier
=362  0\$aVolume 1(1) (December 2011)-
=500  \\$aTitle from PDF article running title (OvidSP, viewed July 31, 2013).
=540  \\$aCurrent copyright fee: GBP39.00$c20\0$5Uk
=550  \\$aAn official journal of the American Academy of Neurology.
=588  \\$aLatest issue consulted: volume 5(3) (June 2015); viewed on journal website, July 21 2015.
=590  \\$aUnavailable for ingest. Publisher unable to send metadata for this title.
=650  \0$aNervous system$xDiseases$vPeriodicals.
=650  \0$aNeurology$vPeriodicals.
=650  \0$aNeurology$zUnited States$vPeriodicals.
=710  2\$aAmerican Academy of Neurology,$eissuing body.
=776  08$iAlso issued in print as:$tNeurology. Clinical practice$x2163-0402
=852  41$aBritish Library$bDSC$j6081.500800$3Volume 7:Issue 1(2017)-Volume 7:Issue 6(2017)
=852  41$aBritish Library$bSTI$jELD Digital store$3Volume 5:Issue 1(2015)-***Previous issues available in print copy
=856  \\$31850-9999$uhttp://journals.lww.com$xBLDSS
=856  40$ahttp://cp.neurology.org
=856  40$ahttp://ovidsp.ovid.com/ovidweb.cgi?T=JS&MODE=ovid&PAGE=toc&D=ovft&AN=01586158-000000000-00000
=859  \\$aXLD$bejournal$cSFX
=859  \\$aELD$bejournal
=945  \\$aNeurology clinical practice
=959  \\$fCurrently available
=979  \\$aBritish Library$bDSC$j6081.500800
=ACF  \\$aPrevious copyright fee: GBP36.77$c20\0$e10-jul-2013$fGBP36.77$g0$hP$5Uk
=ACF  \\$aPrevious copyright fee: GBP35.63$c20\0$e01-jan-2014$fGBP35.63$g0$hP$5Uk
=ACF  \\$aPrevious copyright fee: GBP34.55$c20\0$e01-jul-2014$fGBP34.55$g0$hP$5Uk
=ACF  \\$aPrevious copyright fee: GBP36.77$c20\0$e01-apr-2015$fGBP36.77$g0$hP$5Uk
=ACF  \\$aPrevious copyright fee: GBP38.00$c20\0$e01-jul-2015$fGBP38.00$g0$hP$5Uk
=CAT  \\$a8055$b40$c20130710$lBLL01$h1220
=CAT  \\$a8055$b40$c20130710$lBLL01$h1221
=CAT  \\$a8055$b40$c20130710$lBLL01$h1357
=CAT  \\$a8323$b40$c20130731$lBLL01$h1348
=CAT  \\$a5552$b40$c20131008$lBLL01$h1602
=CAT  \\$aBATCH-UPD$b40$c20131119$lBLL01$h2013
=CAT  \\$aIPL-CLA$c20140101$lBLL01$h0213
=CAT  \\$aBATCH-UPD$b00$c20140527$lBLL01$h2030
=CAT  \\$aBATCH-CLA$c20140528$lBLL01$h1816
=CAT  \\$aIPL-CLA$c20140630$lBLL01$h1800
=CAT  \\$aBLDSS-3PM$b00$c20141116$lBLL01$h1732
=CAT  \\$aBATCH-UPD$b00$c20150219$lBLL01$h1724
=CAT  \\$aIPL-CLA$c20150331$lBLL01$h1724
=CAT  \\$aBATCH-UPD$b00$c20150520$lBLL01$h1734
=CAT  \\$a10876$b40$c20150529$lBLL01$h0931
=CAT  \\$aIPL-CLA$c20150630$lBLL01$h1720
=CAT  \\$a11315$b40$c20150721$lBLL01$h1115
=CAT  \\$a11315$b40$c20150721$lBLL01$h1116
=CAT  \\$aBATCH-UPD$b40$c20150820$lBLL01$h1827
=CAT  \\$aIPL-CLA$c20150930$lBLL01$h1848
=CAT  \\$aBATCH-UPD$b00$c20160217$lBLL01$h1715
=CAT  \\$aIPL-CLA$c20160331$lBLL01$h1812
=CAT  \\$aBATCH-UPD$b00$c20160522$lBLL01$h2353
=CAT  \\$aBATCH-UPD$b00$c20160524$lBLL01$h2159
=CAT  \\$aW1711-1005$c20171206$lBLL01$h1825
=CAT  \\$a12654$b40$c20230802$lBLL01$h0949
=CFI  0\$aCurrent copyright fee: GBP39.00$c20\0$e01-apr-2016$fGBP39.00$g0$hP$5Uk
=CFI  2\$aPrevious copyright fee: GBP36.77$c20\0$e01-oct-2015$fGBP36.77$g0$hP$5Uk
=EST  \\$a1
=FFP  \\$aY$bBLDSS-3PM
=FIN  \\$aY$d20130731
=FMT  \\$a  SE
=LAS  \\$a12654$b40$c20230802$lBLL01$h0949
=LET  \0$aNuerology. Clinical practice (Electronic)
=MNI  \\$a2163-0402
=TOC  \\$aETOC
=UNO  \\$aY

