=LDR  04684cas a2201129 a 4500
=001  016456610
=003  Uk
=005  20230802113248.0
=006  m\\\\\\\\d\\\\\\\\
=007  cr\|n|||||||||
=008  020228c19819999paumr\pso\\\\\0\\\a0eng\c
=010  \\$a2002214092
=015  \\$aGBB579187$2bnb
=022  0\$a1539-2864$l0275-004X
=035  \\$a(OCoLC)49216831$z(OCoLC)60639077
=037  \\$aISSN_0275004X$bPortico$nLippincott Williams & Wilkins
=040  \\$aCOU$beng$cCOU$dNSD$dOCLCQ$dLGG$dOCLCQ$dMYG$dOCLCQ$dUk
=042  \\$ansdp$aukblsr
=050  14$aRE501$b.R47
=082  10$a617.735$223
=130  0\$aRetina (Philadelphia, Pa. : Online)
=210  0\$aRetina$b(Phila. Pa. Online)
=222  \0$aRetina$b(Philadelphia, Pa. Online)
=245  10$aRetina$h[electronic resource].
=246  3\$aRetina.com
=260  \\$aPhiladelphia :$bLippincott
=264  31$aPhiladelphia :$bLippincott, Williams & Wilkins
=310  \\$aTwelve times a year,$b2014-
=321  \\$aTen times a year
=336  \\$atext$2rdacontent
=337  \\$acomputer$2rdamedia
=338  \\$aonline resource$2rdacarrier
=362  1\$aPrint began with vol. 1, no. 1 (winter 1981).
=500  \\$aLater issues have subtitle: The journal of retinal and vitreous diseases.
=500  \\$aDescription based on: Vol. 20, no. 1 (Jan-Feb 2001); title from journal home page (viewed Feb. 28, 2002).
=540  \\$aCurrent copyright fee: GBP39.00$c20\0$5Uk
=550  \\$aPublished for the Ophthalmic Communications Society.
=588  \\$aLatest issue consulted: volume 35, issue 6 (June 2015) (Wolters Kluwer, viewed June 22, 2015).
=590  \\$aUnavailable for ingest. Publisher unable to send metadata for this title.
=650  \0$aRetina$xDiseases$vPeriodicals.
=650  \2$aRetinal Diseases.
=650  \2$aVitreous Body.
=710  2\$aOphthalmic Communications Society (U.S.)
=776  08$iAlso issued in print as:$tRetina (Philadelphia, Pa.)$x0275-004X
=852  41$aBritish Library$bDSC$j7785.510300
=852  41$aBritish Library$bHMNTS$jELD Digital store$3Volume 35:Issue 1(2015:Jan.)-***Previous issues available in print copy
=856  \\$31850-9999$uhttp://journals.lww.com$xBLDSS
=856  40$uhttp://journals.lww.com/retinajournal/pages/default.aspx
=859  \\$aXLD$bejournal$cSFX
=859  \\$aELD$bejournal
=945  \\$aRetina.
=959  \\$fCurrently available
=979  \\$aBritish Library$bDSC$c7785.510300
=ACF  \\$aPrevious copyright fee: GBP36.77$c20\0$e23-jul-2013$fGBP36.77$g0$hP$5Uk
=ACF  \\$aPrevious copyright fee: GBP35.63$c20\0$e01-jan-2014$fGBP35.63$g0$hP$5Uk
=ACF  \\$aPrevious copyright fee: GBP34.55$c20\0$e01-jul-2014$fGBP34.55$g0$hP$5Uk
=ACF  \\$aPrevious copyright fee: GBP36.77$c20\0$e01-apr-2015$fGBP36.77$g0$hP$5Uk
=ACF  \\$aPrevious copyright fee: GBP38.00$c20\0$e01-jul-2015$fGBP38.00$g0$hP$5Uk
=CAT  \\$a8055$b40$c20130723$lBLL01$h1206
=CAT  \\$a11205$b40$c20130821$lBLL01$h1215
=CAT  \\$a11205$b40$c20130821$lBLL01$h1539
=CAT  \\$aBATCH-UPD$b40$c20131119$lBLL01$h2013
=CAT  \\$aIPL-CLA$c20140101$lBLL01$h0213
=CAT  \\$aBATCH-UPD$b00$c20140527$lBLL01$h2030
=CAT  \\$aBATCH-CLA$c20140528$lBLL01$h1816
=CAT  \\$aIPL-CLA$c20140630$lBLL01$h1800
=CAT  \\$aBLDSS-3PM$b00$c20141116$lBLL01$h1732
=CAT  \\$aBATCH-UPD$b00$c20150219$lBLL01$h1724
=CAT  \\$aIPL-CLA$c20150331$lBLL01$h1724
=CAT  \\$aBATCH-UPD$b00$c20150520$lBLL01$h1734
=CAT  \\$a6790$b40$c20150528$lBLL01$h0729
=CAT  \\$a6790$b40$c20150528$lBLL01$h0946
=CAT  \\$a11316$b40$c20150622$lBLL01$h1604
=CAT  \\$aIPL-CLA$c20150630$lBLL01$h1720
=CAT  \\$aBATCH-UPD$b00$c20150820$lBLL01$h1827
=CAT  \\$aWR15_124$c20150910$lBLL01$h1607
=CAT  \\$aIPL-CLA$c20150930$lBLL01$h1849
=CAT  \\$aBATCH-UPD$b00$c20160217$lBLL01$h1715
=CAT  \\$aIPL-CLA$c20160331$lBLL01$h1812
=CAT  \\$aBATCH-UPD$b00$c20160524$lBLL01$h2159
=CAT  \\$aBATCH-UPD$b00$c20160524$lBLL01$h2306
=CAT  \\$aW1711-1005$c20171206$lBLL01$h1825
=CAT  \\$a12654$b40$c20230802$lBLL01$h1127
=CAT  \\$a12654$b40$c20230802$lBLL01$h1132
=CFI  0\$aCurrent copyright fee: GBP39.00$c20\0$e01-apr-2016$fGBP39.00$g0$hP$5Uk
=CFI  2\$aPrevious copyright fee: GBP36.77$c20\0$e01-oct-2015$fGBP36.77$g0$hP$5Uk
=EST  \\$a1
=FFP  \\$aY$bBLDSS-3PM
=FIN  \\$aY$d20130821
=FMT  \\$a  SE
=LAS  \\$a12654$b40$c20230802$lBLL01$h1132
=LET  \0$aRetina (Electronic)
=LKR  \\$aPAR$b012115683$lBLL01$nRetina (Print)$mRetina (Online)$r776
=MNI  \\$a0275-004X
=SID  \\$aZ39$bOCLC
=TOC  \\$aETOC
=UNO  \\$aY

