=LDR  05055cas a2201141 a 4500
=001  016456663
=003  Uk
=005  20230802115839.0
=006  m\\\\\o\\d\\\\\\\\
=007  cr\cnu||||||||
=008  010803c19799999paubr\pso\\\\\0\\\a0eng\c
=010  \\$a2001211188
=015  \\$aGBB578769$2bnb
=022  0\$a1536-3694$l0163-4356$21
=035  \\$a(OCoLC)47709563
=037  \\$aISSN_01634356$bPortico$nLippincott Williams & Wilkins
=040  \\$aNSD$beng$cNSD$dOCLCQ$dNSD$dOCLCQ$dMXC$dOCLCQ$dUBY$dOCLCQ$dMYG$dOCLCQ$dOCLCO$dUk
=042  \\$ansdp$aukblsr
=050  \4$aRM1$b.T398
=082  04$a615.7$223
=130  0\$aTherapeutic drug monitoring (Online)
=210  0\$aTher. drug monit.$b(Online)
=222  \0$aTherapeutic drug monitoring$b(Online)
=245  10$aTherapeutic drug monitoring$h[electronic resource].
=260  \\$aPhiladelphia, Pa. :$bLippincott Williams & Wilkins
=310  \\$aBimonthly
=336  \\$atext$2rdacontent
=337  \\$acomputer$2rdamedia
=338  \\$aonline resource$2rdacarrier
=362  1\$aPrint began with vol. 1, no. 1, published in 1979.
=540  \\$aCurrent copyright fee: GBP32.00$c20\0$5Uk
=550  \\$aOfficial journal of the International Association of Therapeutic Drug Monitoring and Clinical Toxicology.
=588  \\$aDescription based on: Vol. 23, no. 1 (Feb. 2001); title from journal home page (viewed Apr. 15, 2002).
=588  \\$aLatest issue consulted: volume 37, issue 3 (June 2015) (publisher's Web site, viewed June 17, 2015).
=590  \\$aUnavailable for ingest. Publisher unable to send metadata for this title.
=650  \0$aPharmacokinetics$vPeriodicals.
=650  \0$aPatient monitoring$vPeriodicals.
=650  \0$aDrugs$xAnalysis$vPeriodicals.
=650  \0$aBody fluids$xAnalysis$vPeriodicals.
=650  \2$aDrug Therapy$vPeriodicals.
=650  \2$aMonitoring, Physiologic$vPeriodicals.
=650  \2$aPharmacology$vPeriodicals.
=710  2\$aInternational Association of Therapeutic Drug Monitoring and Clinical Toxicology,$eissuing body.
=776  08$iAlso issued in print as:$tTherapeutic drug monitoring$x0163-4356
=852  41$aBritish Library$bHMNTS$jELD Digital store$3Volume 37:Issue 1(2015:Feb.)-***Previous issues available in print copy
=852  41$aBritish Library$bDSC$j8814.643000
=856  \\$31850-9999$uhttp://journals.lww.com$xBLDSS
=856  40$uhttp://journals.lww.com/drug-monitoring/pages/default.aspx
=856  40$uhttp://ovidsp.ovid.com/ovidweb.cgi?T=JS&NEWS=n&CSC=Y&PAGE=toc&D=yrovft&AN=00007691-000000000-00000
=856  40$uhttp://www.drug-monitoring.com/
=856  4\$uhttp://www.lww.com/Product/0163-4356
=859  \\$aXLD$bejournal$cSFX
=859  \\$aELD$bejournal
=945  \\$aTherapeutic drug monitoring
=959  \\$fCurrently available
=979  \\$aBritish Library$bDSC$j8814.643000
=ACF  \\$aPrevious copyright fee: GBP30.32$c20\0$e23-jul-2013$fGBP30.32$g0$hP$5Uk
=ACF  \\$aPrevious copyright fee: GBP29.38$c20\0$e01-jan-2014$fGBP29.38$g0$hP$5Uk
=ACF  \\$aPrevious copyright fee: GBP28.48$c20\0$e01-jul-2014$fGBP28.48$g0$hP$5Uk
=ACF  \\$aPrevious copyright fee: GBP30.32$c20\0$e01-apr-2015$fGBP30.32$g0$hP$5Uk
=ACF  \\$aPrevious copyright fee: GBP31.33$c20\0$e01-jul-2015$fGBP31.33$g0$hP$5Uk
=CAT  \\$a8055$b40$c20130723$lBLL01$h1342
=CAT  \\$a8055$b40$c20130723$lBLL01$h1344
=CAT  \\$a5997$b40$c20130821$lBLL01$h1122
=CAT  \\$aBATCH-UPD$b40$c20131119$lBLL01$h2010
=CAT  \\$aIPL-CLA$c20140101$lBLL01$h0213
=CAT  \\$aBATCH-UPD$b00$c20140527$lBLL01$h2037
=CAT  \\$aBATCH-CLA$c20140528$lBLL01$h1816
=CAT  \\$aIPL-CLA$c20140630$lBLL01$h1800
=CAT  \\$aBLDSS-3PM$b00$c20141116$lBLL01$h1732
=CAT  \\$aBATCH-UPD$b00$c20150219$lBLL01$h1729
=CAT  \\$aIPL-CLA$c20150331$lBLL01$h1724
=CAT  \\$aBATCH-UPD$b00$c20150520$lBLL01$h1739
=CAT  \\$a11433$b40$c20150527$lBLL01$h1333
=CAT  \\$a10973$b40$c20150617$lBLL01$h1351
=CAT  \\$aIPL-CLA$c20150630$lBLL01$h1720
=CAT  \\$aBATCH-UPD$b00$c20150820$lBLL01$h1825
=CAT  \\$aIPL-CLA$c20150930$lBLL01$h1849
=CAT  \\$aBATCH-UPD$b00$c20160217$lBLL01$h1713
=CAT  \\$aIPL-CLA$c20160331$lBLL01$h1812
=CAT  \\$aBATCH-UPD$b00$c20160523$lBLL01$h2355
=CAT  \\$aBATCH-UPD$b00$c20160524$lBLL01$h2159
=CAT  \\$aW1711-1005$c20171206$lBLL01$h1825
=CAT  \\$a12654$b40$c20230802$lBLL01$h1157
=CAT  \\$a12654$b40$c20230802$lBLL01$h1158
=CFI  0\$aCurrent copyright fee: GBP32.00$c20\0$e01-apr-2016$fGBP32.00$g0$hP$5Uk
=CFI  2\$aPrevious copyright fee: GBP30.32$c20\0$e01-oct-2015$fGBP30.32$g0$hP$5Uk
=EST  \\$a1
=FFP  \\$aY$bBLDSS-3PM
=FIN  \\$aY$d20130821
=FMT  \\$a  SE
=LAS  \\$a12654$b40$c20230802$lBLL01$h1158
=LET  \0$aTherapeutic drug monitoring (Electronic)
=LKR  \\$aPAR$b012108690$lBLL01$nTherapeutic drug monitoring (Print)$mTherapeutic drug monitoring (Online)$r776
=MNI  \\$a0163-4356
=SID  \\$aZ39$bOCLC
=TOC  \\$aETOC
=UNO  \\$aY

