=LDR  04426cas a2201021 i 4500
=001  016491488
=003  Uk
=005  20230426111049.0
=006  m\\\\\\\\d\|\\\\\\
=007  cr||||||||||||
=008  130905c20149999ncufr\p\o\\\\\0\\\a0eng\\
=015  \\$aGBB409893$2bnb
=022  0\$a2053-7387$l0734-6875$202
=037  \\$amtp$bOxford University Press
=037  3\$aISSN_07346875$bPortico$nOxford University Press
=040  \\$aUk$beng$cUk$erda
=042  \\$aukblsr$aissnuk
=082  04$a615.85154$223
=222  \0$aMusic therapy perspectives$b(Online)
=245  00$aMusic therapy perspectives.
=260  \\$aWashington, DC :$bNational Association for Music Therapy,$c1982-
=264  31$32014-$aCary, N.C. :$bOxford University Press
=310  \\$aSemiannual
=336  \\$atext$2rdacontent
=337  \\$acomputer$2rdamedia
=338  \\$aonline resource$2rdacarrier
=362  0\$aVol. 1, no. 1 (spring/summer 1982)-
=540  \\$aCurrent Copyright Fee: GBP33.00$c29\0$5Uk
=588  \\$aDescription based on: print version record.
=588  \\$aLatest issue consulted: volume 31, number 1 (2013) (Oxford Journals website, viewed January 27, 2014).
=650  \0$aMusic therapy$vPeriodicals.
=710  2\$aNational Association for Music Therapy,$eissuing body.
=776  08$iAlso issued in print as:$tMusic therapy perspectives$x0734-6875
=852  41$aBritish Library$bHMNTS$jELD Digital store$3Volume 32:Issue 1(2014)-
=852  41$aBritish Library$bDSC$j5990.435100$3Volume 1:Issue 2(1983)-Volume 40:Issue 1(2022)***See ESTAR for full holdings.
=856  \\$31850-9999$uhttp://ukcatalogue.oup.com/$xBLDSS
=856  40$uhttp://mtp.oxfordjournals.org/
=859  \\$aELD$bejournal
=859  \\$aXLD$bejournal$cSFX
=945  \\$aMusic therapy perspectives.
=959  \\$fCurrently available
=979  \\$aBritish Library$bDSC$j5990.435100
=ACF  \\$aBritish Library not licensed to copy$c0$e13-dec-2013$hC$iCFP Excluded$5Uk
=ACF  \\$aPrevious copyright fee: GBP20.00$c29\0$e01-jan-2014$fGBP20.00$g0$hP$5Uk
=ACF  \\$aPrevious copyright fee: GBP23.00$c29\0$e01-jan-2015$fGBP23.00$g0$hP$5Uk
=ACF  \\$aPrevious copyright fee: GBP24.00$c29\0$e01-jan-2016$fGBP24.00$g0$hP$5Uk
=ACF  \\$aPrevious copyright fee: GBP26.00$c29\0$e01-jan-2017$fGBP26.00$g0$hP$5Uk
=ACF  \\$aPrevious copyright fee: GBP27.00$c29\0$e01-jan-2018$fGBP27.00$g0$hP$5Uk
=ACF  \\$aPrevious copyright fee: GBP28.00$c29\0$e01-jan-2019$fGBP28.00$g0$hP$5Uk
=ACF  \\$aPrevious Copyright Fee: GBP20.00$c29\0$e01-jan-2020$fGBP20.00$g0$hP$5Uk
=CAT  \\$a11315$b40$c20130905$lBLL01$h1452
=CAT  \\$aBATCH-UPD$b40$c20141124$lBLL01$h1812
=CAT  \\$aBLDSS-3PM$b00$c20141208$lBLL01$h1628
=CAT  \\$aIPL-CLA$c20141231$lBLL01$h1704
=CAT  \\$aBATCH-UPD$b00$c20151119$lBLL01$h1552
=CAT  \\$aIPL-CLA$c20151231$lBLL01$h1935
=CAT  \\$aBATCH-UPD$b00$c20160524$lBLL01$h2215
=CAT  \\$aBATCH-UPD$b00$c20160525$lBLL01$h0057
=CAT  \\$aBATCH-UPD$b00$c20161122$lBLL01$h1522
=CAT  \\$aIPL-CLA$c20161231$lBLL01$h0013
=CAT  \\$aBATCH-UPD$b00$c20171121$lBLL01$h1705
=CAT  \\$aW1711-1005$c20171206$lBLL01$h1825
=CAT  \\$aIPL-CLA$c20171231$lBLL01$h1820
=CAT  \\$aBATCH-UPD$b00$c20181217$lBLL01$h1653
=CAT  \\$aIPL-CLA$c20181231$lBLL01$h1553
=CAT  \\$aW1910-0530$c20191007$lBLL01$h1114
=CAT  \\$aR1911-1518$c20191206$lBLL01$h1418
=CAT  \\$aIPL-CLA$c20191231$lBLL01$h2035
=CAT  \\$aBATCH-UPD$b00$c20220308$lBLL01$h1736
=CAT  \\$aIPL-CLA$c20220331$lBLL01$h1952
=CAT  \\$a12654$b40$c20221214$lBLL01$h0813
=CAT  \\$aS2302-1302$c20230322$lBLL01$h1708
=CAT  \\$aS2302-1302$c20230323$lBLL01$h1443
=CAT  \\$aIPL-CLA$c20230331$lBLL01$h1547
=CAT  \\$aS2304-0519$c20230412$lBLL01$h1140
=CAT  \\$aBATCH-SUPP$c20230426$lBLL01$h1110
=CFI  0\$aCurrent Copyright Fee: GBP33.00$c29\0$e01-apr-2023$fGBP33.00$g0$hP$5Uk
=CFI  2\$aPrevious copyright fee: GBP22.00$c29\0$e01-apr-2022$fGBP22.00$g0$hP$5Uk
=EST  \\$a1
=FFP  \\$aY$bBLDSS-3PM
=FIN  \\$aY$d20140128
=FMT  \\$a  SE
=LAS  \\$aBATCH-SUPP$b00$c20230426$lBLL01$h1110
=LET  \0$aMusic therapy perspectives (Electronic)
=LKR  \\$aPAR$b012413776$lBLL01$nMusic therapy perspectives (Print)$mMusic therapy perspectives (Online)$r776
=MNI  \\$a0734-6875
=TOC  \\$aETOC
=UNO  \\$aY

