=LDR  04305cas a2200985 i 4500
=001  016501196
=003  Uk
=005  20230801141312.0
=006  m\\\\\\\\d\\\\\\\\
=007  cr\|||||||||||
=008  130920c20139999paumr\p\s\\\\\0\\\a0eng\\
=015  \\$aGBB4A3635$2bnb
=022  \\$a2327-6924$l2327-6886
=037  \\$aISSN_23276886$bPortico$nWiley
=037  3\$aISSN_23276886_74$bPortico$nLippincott Williams & Wilkins
=040  \\$aUk$beng$cUk$dUk$erda
=042  \\$aukblsr
=082  04$a610.730692$223
=210  0\$aJ. Am. Assoc. Nurse Pract.$b(Online)
=222  \0$aJournal of the American Association of Nurse Practitioners$b(Online)
=245  00$aJournal of the American Association of Nurse Practitioners.
=264  \1$a[Hoboken, NJ] :$bWiley-Blackwell Publishing,$c2013-
=264  31$32018-$a[Philadelphia] :$bWolters Kluwer
=310  \\$aMonthly
=336  \\$atext$2rdacontent
=337  \\$acomputer$2rdamedia
=338  \\$aonline resource$2rdacarrier
=362  0\$aVolume 25, issue 5 (May 2013)-
=500  \\$aTitle from pdf (Wiley Online Library, viewed November 20, 2013).
=540  \\$aCurrent copyright fee: GBP32.00$c20\0$5Uk
=588  \\$aLatest issue consulted: volume 30, issue 1 (January 2018) (LWW Journals, viewed February 1, 2018).
=650  \0$aNurse practitioners$vPeriodicals.
=650  \0$aNursing$vPeriodicals.
=710  2\$aAmerican Association of Nurse Practitioners.
=776  08$iAlso issued in print as :$tJournal of the American Association of Nurse Practitioners$x2327-6886
=780  00$tJournal of the American Academy of Nurse Practitioners (Online)$x1745-7599
=852  41$aBritish Library$bDSC$j4683.860400$3Volume 25:Issue 10(2013)-***See ESTAR for full holdings.
=852  41$aBritish Library$bHMNTS$jELD Digital store$3Volume 25:Issue 10(2013)-***Previous issues available in print copy
=856  \\$31850-9999$uhttp://onlinelibrary.wiley.com/$xBLDSS
=856  40$uhttp://onlinelibrary.wiley.com/journal/10.1002/(ISSN)2327-6924/issues
=856  40$uhttps://journals.lww.com/jaanp/pages/default.aspx
=859  \\$aXLD$bejournal$cSFX
=859  \\$aELD$bejournal
=945  \\$aJournal - American association of nurse practitioners
=959  \\$fCurrently available
=979  \\$aBritish Library$bDSC$j4683.860400
=ACF  \\$aPrevious copyright fee: GBP24.00$c10\0$e01-mar-2015$fGBP24.00$g0$hP$5Uk
=ACF  \\$aPrevious copyright fee: GBP22.00$c10\0$e20-sep-2013$fGBP22.00$g0$hP$5Uk
=CAT  \\$a12654$b40$c20130920$lBLL01$h0942
=CAT  \\$a5110$b40$c20131120$lBLL01$h1655
=CAT  \\$a5110$b40$c20131121$lBLL01$h1125
=CAT  \\$a5110$b40$c20131121$lBLL01$h1347
=CAT  \\$a14112$b40$c20140120$lBLL01$h1746
=CAT  \\$a14112$b40$c20140120$lBLL01$h1747
=CAT  \\$a8464$b40$c20140203$lBLL01$h1258
=CAT  \\$a14112$b40$c20140204$lBLL01$h0933
=CAT  \\$a11316$b40$c20140930$lBLL01$h1538
=CAT  \\$aBLDSS-3PM$b00$c20141214$lBLL01$h1527
=CAT  \\$aBATCH-UPD$b00$c20150215$lBLL01$h1639
=CAT  \\$aIPL-CLA$c20150228$lBLL01$h2058
=CAT  \\$aBATCH-UPD$b00$c20160531$lBLL01$h1251
=CAT  \\$aW1703-0316$c20170306$lBLL01$h1827
=CAT  \\$aW1703-0316$c20170307$lBLL01$h1651
=CAT  \\$aIPL-CLA$c20170307$lBLL01$h1825
=CAT  \\$aW1711-1005$c20171206$lBLL01$h1825
=CAT  \\$a10983$b40$c20171229$lBLL01$h1419
=CAT  \\$a10806$b40$c20180201$lBLL01$h1440
=CAT  \\$a5552$b40$c20180212$lBLL01$h0922
=CAT  \\$aBATCH-UPD$b40$c20180214$lBLL01$h0104
=CAT  \\$a10983$b40$c20180324$lBLL01$h0842
=CAT  \\$a8055$b40$c20180626$lBLL01$h1258
=CAT  \\$a8055$b40$c20180627$lBLL01$h1330
=CAT  \\$aBATCH-FIX$c20230511$lBLL01$h1630
=CAT  \\$a12654$b40$c20230801$lBLL01$h1413
=CFI  0\$aCurrent copyright fee: GBP32.00$c20\0$e12-feb-2018$fGBP32.00$g0$hP$5Uk
=CFI  2\$aPrevious copyright fee: GBP24.00$c35\0$e07-mar-2017$fGBP24.00$g0$hP$5Uk
=EST  \\$a1
=FFP  \\$aY$bBLDSS-3PM
=FIN  \\$aY$d20131120
=FMT  \\$a  SE
=LAS  \\$a12654$b40$c20230801$lBLL01$h1413
=LKR  \\$aPAR$b013250175$lBLL01$r78000$mJournal of the American Association of Nurse Practitioners (Online)$nJournal of the American Academy of Nurse Practitioners (Online)
=MNI  \\$a2327-6886
=TOC  \\$aETOC
=UNO  \\$aY

