=LDR  05565cas a2201273 a 4500
=001  016553412
=003  Uk
=005  20230426111052.0
=006  m\\\\\|\\d\|\\\\\\
=007  cr\|||||||||||
=008  131128c19649999ncumr\p\o\\\\\0\\\a0eng\\
=010  \\$asn 99004021 
=015  \\$aGBB407124$2bnb
=022  0\$a1525-3244$l0006-3568$y0006-3568$202
=035  \\$a(OCoLC)41477721
=037  \\$abioscience$bOxford University Press
=037  3\$aISSN_15253244$bPortico$nOxford University Press
=040  \\$aNSDP$beng$cNSDP$dOCoLC$dInU$dOCoLC$dCaQMU$dMiU$dMH$dOCoLC$dMiEM$dOCoLC$dUk
=042  \\$ansdp$aukblsr$aissnuk
=050  14$aQH1
=082  04$a570$223
=130  0\$aBioScience (Online)
=210  1\$aBioScience$b(Wash. D.C.)
=222  \0$aBioScience$b(Washington, D.C.)
=245  10$aBioScience$h[electronic resource].
=260  \\$aWashington, D.C. :$bAmerican Institute of Biological Sciences
=264  \1$32014-$a[Oxford] :$bOxford University Press
=310  \\$aMonthly,$b2011-
=321  \\$aEleven issues yearly,$b2007-2010
=321  \\$aMonthly,$b1998-2006
=321  \\$aFrequency varies,$b1964-1997
=336  \\$atext$2rdacontent
=337  \\$acomputer$2rdamedia
=338  \\$aonline resource$2rdacarrier
=362  0\$aVol. 14, no. 1 (Jan. 1964)-
=500  \\$aTitle from title screen (JSTOR, viewed May 11, 2005).
=540  \\$aCurrent Copyright Fee: GBP32.00$c29\0$5Uk
=550  \\$aOfficial publication of the American Institute of Biological Sciences.
=588  \\$aLatest issue consulted: vol. 69, no. 7 (July 2019); viewed July 29 2019.
=650  \0$aLife sciences$vPeriodicals.
=650  \0$aLife sciences$xResearch$vPeriodicals.
=650  \0$aLife sciences$zUnited States$vPeriodicals.
=650  \0$aLife sciences$xGovernment policy$zUnited States$vPeriodicals.
=650  \0$aBiology$vPeriodicals.
=650  \0$aBiotechnology industries$vPeriodicals.
=710  2\$aAmerican Institute of Biological Sciences.
=776  08$iPrint version:$tBioscience$x0006-3568
=780  00$tAIBS bulletin (Online)$x2326-1331
=852  41$aBritish Library$bHMNTS$jELD Digital store$3Volume 64:Number 1(2014:Jan.)-
=852  41$aBritish Library$bDSC$j2089.611400$3Volume 46:Issue 1(1996)-Volume 72:Issue 3(2022)***See ESTAR for full holdings.
=856  \\$31850-9999$uhttp://ukcatalogue.oup.com/$xBLDSS
=856  4\$uhttp://firstsearch.oclc.org$zAddress for accessing the journal using authorization number and password through OCLC FirstSearch Electronic Collections Online
=856  40$uhttp://bioscience.oxfordjournals.org
=856  40$uhttp://www.aibs.org/bioscience
=856  40$uhttp://www.bioone.org/bioone/?request=get-journals-list&issn=0006-3568
=856  40$uhttp://www.ingentaconnect.com/content/aibs/bio
=856  40$uhttp://www.jstor.org/journals/00063568.html
=859  \\$aXLD$bejournal$cSFX
=859  \\$aELD$bejournal
=945  \\$aBioscience -Washington-
=959  \\$fCurrently available
=979  \\$aBritish Library$bDSC$j2089.611400
=985  \\$aISSN responsibility transferred from US Center to UK Centre, July 29 2019.
=985  \\$aCONFERENCE ANALYTIC RECORDS EXIST
=ACF  \\$aPrevious Copyright Fee: GBP9.00$c0$e11-dec-2013$fGBP9.00$g0$hC$5Uk
=ACF  \\$aPrevious Copyright Fee: GBP20.00$c29\0$e01-jan-2014$fGBP20.00$g0$hP$5Uk
=ACF  \\$aPrevious copyright fee: GBP23.00$c29\0$e01-jan-2015$fGBP23.00$g0$hP$5Uk
=ACF  \\$aPrevious copyright fee: GBP24.00$c29\0$e01-jan-2016$fGBP24.00$g0$hP$5Uk
=ACF  \\$aPrevious copyright fee: GBP26.00$c29\0$e01-jan-2017$fGBP26.00$g0$hP$5Uk
=ACF  \\$aPrevious copyright fee: GBP27.00$c29\0$e01-jan-2018$fGBP27.00$g0$hP$5Uk
=ACF  \\$aPrevious copyright fee: GBP28.00$c29\0$e01-jan-2019$fGBP28.00$g0$hP$5Uk
=ACF  \\$aPrevious Copyright Fee: GBP20.00$c29\0$e01-jan-2020$fGBP20.00$g0$hP$5Uk
=CAT  \\$a10983$b40$c20131128$lBLL01$h1119
=CAT  \\$aBATCH-UPD$b00$c20151119$lBLL01$h1552
=CAT  \\$aIPL-CLA$c20151231$lBLL01$h1935
=CAT  \\$aBATCH-UPD$b00$c20160524$lBLL01$h2215
=CAT  \\$aBATCH-UPD$b00$c20160525$lBLL01$h0057
=CAT  \\$aBATCH-UPD$b00$c20161122$lBLL01$h1522
=CAT  \\$aIPL-CLA$c20161231$lBLL01$h0014
=CAT  \\$aBATCH-UPD$b00$c20171121$lBLL01$h1705
=CAT  \\$aW1711-1005$c20171206$lBLL01$h1826
=CAT  \\$aIPL-CLA$c20171231$lBLL01$h1821
=CAT  \\$aBATCH-UPD$b00$c20181217$lBLL01$h1653
=CAT  \\$aIPL-CLA$c20181231$lBLL01$h1553
=CAT  \\$a11313$b40$c20190729$lBLL01$h1437
=CAT  \\$aW1910-0530$c20191007$lBLL01$h1114
=CAT  \\$aR1911-1518$c20191206$lBLL01$h1419
=CAT  \\$aIPL-CLA$c20191231$lBLL01$h2036
=CAT  \\$aBATCH-UPD$b00$c20220308$lBLL01$h1736
=CAT  \\$aIPL-CLA$c20220331$lBLL01$h1952
=CAT  \\$a12654$b40$c20221214$lBLL01$h0833
=CAT  \\$a12654$b40$c20221214$lBLL01$h0837
=CAT  \\$aS2302-1302$c20230322$lBLL01$h1707
=CAT  \\$aS2302-1302$c20230322$lBLL01$h1708
=CAT  \\$aS2302-1302$c20230323$lBLL01$h1443
=CAT  \\$aIPL-CLA$c20230331$lBLL01$h1547
=CAT  \\$aS2304-0519$c20230412$lBLL01$h1141
=CAT  \\$aBATCH-SUPP$c20230426$lBLL01$h1110
=CFI  0\$aCurrent Copyright Fee: GBP32.00$c29\0$e01-apr-2023$fGBP32.00$g0$hP$5Uk
=CFI  2\$aPrevious copyright fee: GBP22.00$c29\0$e01-apr-2022$fGBP22.00$g0$hP$5Uk
=EST  \\$a1
=FFP  \\$aY$bBLDSS-3PM
=FIN  \\$aY$d20140117
=FMT  \\$a  SE
=LAS  \\$aBATCH-SUPP$b00$c20230426$lBLL01$h1110
=MNI  \\$a0006-3568
=SRC  \\$aBLL02
=TOC  \\$aETOC
=UNO  \\$aY

