=LDR  04611cas a2201057 i 4500
=001  016553816
=003  Uk
=005  20230426111052.0
=006  m\\\\\|\\d\|\\\\\\
=007  cr\|||||||||||
=008  131129c19779999enkbr\p\o\\\\\0\\\a0eng\\
=015  \\$aGBB411431$2bnb
=022  \\$a1945-2403$l0146-4760$202
=037  \\$ajat$bOxford University Press
=037  3\$aISSN_01464760$bPortico$nOxford University Press
=040  \\$aUk$beng$cUk$dUk$erda
=042  \\$aukblsr$aissnuk
=082  04$a615.907$223
=210  0\$aJ. anal. toxicol.$b(Online)
=222  \0$aJournal of analytical toxicology.$b(Online)
=245  00$aJournal of analytical toxicology.
=264  \1$aNiles, Ill. :$bPreston Publications,$c1977-
=264  31$32012-$aOxford :$bOxford University Press
=310  \\$aMonthly (except bimonthly in Jan./Feb., July/Aug., and Nov./Dec.),$b2006-
=321  \\$aBimonthly
=336  \\$atext$2rdacontent
=337  \\$acomputer$2rdamedia
=338  \\$aonline resource$2rdacarrier
=362  0\$aPrint began in 1977.
=540  \\$aCurrent copyright fee: GBP33.00$c29\0$5Uk
=588  \\$aDescription based on print version record.
=588  \\$aLatest issue consulted: volume 38, number 1 (January/February 2014) (Oxford Journals, viewed January 29, 2014).
=650  \0$aDrugs$xAnalysis$vPeriodicals.
=650  \0$aDrugs$xToxicity testing$vPeriodicals.
=710  2\$aSociety of Forensic Toxicologists,$eissuing body.
=776  08$iAlso issued in print as:$tJournal of analytical toxicology$x0146-4760
=852  41$aBritish Library$bHMNTS$jELD Digital store$3Volume 38:Number 1(2014)-
=852  41$aBritish Library$bDSC$j4928.700000$3Volume 38:Issue 1(2014)-Volume 46:Issue 7(2022)***See ESTAR for full holdings.
=856  \\$31850-9999$uhttp://ukcatalogue.oup.com/$xBLDSS
=856  40$uhttp://jat.oxfordjournals.org/
=859  \\$aXLD$bejournal$cSFX
=859  \\$aELD$bejournal
=945  \\$aJournal of analytical toxicology.
=959  \\$fCurrently available
=979  \\$aBritish Library$bDSC$j4928.700000
=985  \\$aISSN UK Centre: ISSN responsibility transferred from US Center 17/3/23.
=ACF  \\$aPrevious copyright fee: GBP20.00$c29\0$e11-dec-2013$fGBP20.00$g0$hP$5Uk
=ACF  \\$aPrevious copyright fee: GBP23.00$c29\0$e01-jan-2015$fGBP23.00$g0$hP$5Uk
=ACF  \\$aPrevious copyright fee: GBP24.00$c29\0$e01-jan-2016$fGBP24.00$g0$hP$5Uk
=ACF  \\$aPrevious copyright fee: GBP26.00$c29\0$e01-jan-2017$fGBP26.00$g0$hP$5Uk
=ACF  \\$aPrevious copyright fee: GBP27.00$c29\0$e01-jan-2018$fGBP27.00$g0$hP$5Uk
=ACF  \\$aPrevious copyright fee: GBP28.00$c29\0$e01-jan-2019$fGBP28.00$g0$hP$5Uk
=ACF  \\$aPrevious Copyright Fee: GBP20.00$c29\0$e01-jan-2020$fGBP20.00$g0$hP$5Uk
=CAT  \\$a10902$b40$c20131129$lBLL01$h0915
=CAT  \\$aBATCH-UPD$b00$c20160524$lBLL01$h2215
=CAT  \\$aBATCH-UPD$b00$c20160525$lBLL01$h0057
=CAT  \\$aBATCH-UPD$b00$c20161122$lBLL01$h1522
=CAT  \\$aIPL-CLA$c20161231$lBLL01$h0014
=CAT  \\$aBATCH-UPD$b00$c20171121$lBLL01$h1705
=CAT  \\$aW1711-1005$c20171206$lBLL01$h1826
=CAT  \\$aIPL-CLA$c20171231$lBLL01$h1821
=CAT  \\$aBATCH-UPD$b00$c20181217$lBLL01$h1653
=CAT  \\$aIPL-CLA$c20181231$lBLL01$h1553
=CAT  \\$aW1910-0530$c20191007$lBLL01$h1114
=CAT  \\$aR1911-1518$c20191206$lBLL01$h1419
=CAT  \\$aIPL-CLA$c20191231$lBLL01$h2036
=CAT  \\$a8124$b40$c20210120$lBLL01$h1705
=CAT  \\$aBATCH-UPD$b40$c20220308$lBLL01$h1736
=CAT  \\$aIPL-CLA$c20220331$lBLL01$h1952
=CAT  \\$a12654$b40$c20221214$lBLL01$h1121
=CAT  \\$a12654$b40$c20221214$lBLL01$h1133
=CAT  \\$a10973$b40$c20230317$lBLL01$h1354
=CAT  \\$a12654$b40$c20230321$lBLL01$h0956
=CAT  \\$a12654$b40$c20230321$lBLL01$h0958
=CAT  \\$a12654$b40$c20230321$lBLL01$h0959
=CAT  \\$a10806$b40$c20230328$lBLL01$h0747
=CAT  \\$a12654$b40$c20230330$lBLL01$h0746
=CAT  \\$aIPL-CLA$c20230331$lBLL01$h1547
=CAT  \\$aBATCH-SUPP$c20230426$lBLL01$h1110
=CFI  0\$aCurrent copyright fee: GBP33.00$c29\0$e01-apr-2023$fGBP33.00$g0$hP$5Uk
=CFI  2\$aPrevious copyright fee: GBP22.00$c29\0$e01-apr-2022$fGBP22.00$g0$hP$5Uk
=EST  \\$a1
=FFP  \\$aY$bBLDSS-3PM
=FIN  \\$aY$d20140129
=FMT  \\$a  SE
=LAS  \\$aBATCH-SUPP$b00$c20230426$lBLL01$h1110
=LET  \0$aJournal of analytical toxicology (Electronic)
=LKR  \\$aPAR$b007525292$lBLL01$nJournal of analytical toxicology (Print)$mJournal of analytical toxicology (Online)$r776
=MNI  \\$a0146-4760
=TOC  \\$aETOC
=UNO  \\$aY

