=LDR  05143cas a2201213 a 4500
=001  016560974
=003  Uk
=005  20230426111053.0
=006  m\\\\\o\\d\\\\\\\\
=007  cr\an|||||||||
=008  021002c19749999ncuqr\pso\o\\\0\\\a0eng\c
=010  \\$a2002227149
=015  \\$aGBB409373$2bnb
=022  0\$a1946-3170$l0163-755X$y0162-755X$21
=035  \\$a(OCoLC)50709793$z(OCoLC)48384231$z(OCoLC)50245164$z(OCoLC)222607538$z(OCoLC)427666124
=037  \\$amelus$bOxford University Press
=037  3\$aISSN_0163755X$bPortico$nOxford University Press
=040  \\$aEYM$beng$cEYM$dOCLCQ$dBUF$dOCLCQ$dNSD$dOCLCQ$dNSD$dMUQ$dLGG$dOCLCQ$dOCLCF$dUk
=042  \\$aukblsr
=043  \\$an-us---
=050  14$aPN843
=082  04$a810$223
=130  0\$aMELUS (Online)
=222  \0$aMELUS$b(Online)
=245  10$aMELUS$h[electronic resource] /$cSociety for the Study of the Multi-Ethnic Literature of the United States.
=246  3\$aMulti-ethnic literature of the United States
=260  \\$aLos Angeles :$bSociety for the Study of the Multi-Ethnic Literature of the United States,$c1974-
=264  \1$32014-$aCary, NC :$bOxford University Press
=310  \\$aQuarterly
=336  \\$atext$2rdacontent
=337  \\$acomputer$2rdamedia
=338  \\$aonline resource$2rdacarrier
=362  0\$aVol. 1, no. 1 (Sept. 1974)-
=500  \\$aPlace of publication varies; Storrs, CT, <2009->.
=500  \\$aTitle from title screen (viewed Oct. 2, 2002).
=530  \\$aAlso issued in print.
=540  \\$aCurrent Copyright Fee: GBP32.00$c29\0$5Uk
=588  \\$aLatest issue consulted: volume 38, issue 4 (December 2013) (Oxford Journals website, viewed January 23, 2014).
=651  \0$aUnited States$vLiteratures$xHistory and criticism$vPeriodicals.
=651  \7$aUnited States.$2fast
=655  \7$aCriticism, interpretation, etc.$2fast
=655  \7$aLiteratures.$2fast
=655  \7$aPeriodicals.$2fast
=710  2\$aMELUS.
=776  1\$tMELUS$x0163-755X
=852  41$aBritish Library$bDSC$j5546.358000$3Volume 38:Issue 4(2013)-Volume 39:Issue 4(2014)***See ESTAR for full holdings.
=852  41$aBritish Library$bHMNTS$jELD Digital store$3Volume 39:Number 2(2014:Jun.)-
=856  \\$31850-9999$uhttp://ukcatalogue.oup.com/$xBLDSS
=856  40$uhttp://iibp.chadwyck.com/toc/MELUS/issues.htm
=856  40$uhttp://melus.oxfordjournals.org/
=856  40$uhttp://muse.jhu.edu/journals
=856  40$uhttp://www.jstor.org/journals/0163755X.html
=856  42$uhttp://webspace.ship.edu/kmlong/melus/
=859  \\$aELD$bejournal
=859  \\$aXLD$bejournal$cSFX
=945  \\$aMELUS -Amherst then Cary-.
=959  \\$fCurrently available
=979  \\$aBritish Library$bDSC$j5546.358000
=ACF  \\$aPrevious Copyright Fee: GBP20.00$c29\0$e13-dec-2013$fGBP20.00$g0$hP$5Uk
=ACF  \\$aPrevious copyright fee: GBP23.00$c29\0$e01-jan-2015$fGBP23.00$g0$hP$5Uk
=ACF  \\$aPrevious copyright fee: GBP24.00$c29\0$e01-jan-2016$fGBP24.00$g0$hP$5Uk
=ACF  \\$aPrevious copyright fee: GBP26.00$c29\0$e01-jan-2017$fGBP26.00$g0$hP$5Uk
=ACF  \\$aPrevious copyright fee: GBP27.00$c29\0$e01-jan-2018$fGBP27.00$g0$hP$5Uk
=ACF  \\$aPrevious copyright fee: GBP28.00$c29\0$e01-jan-2019$fGBP28.00$g0$hP$5Uk
=ACF  \\$aPrevious Copyright Fee: GBP20.00$c29\0$e01-jan-2020$fGBP20.00$g0$hP$5Uk
=CAT  \\$a11433$b40$c20131205$lBLL01$h1352
=CAT  \\$aBLDSS-3PM$b00$c20141208$lBLL01$h1628
=CAT  \\$aIPL-CLA$c20141231$lBLL01$h1704
=CAT  \\$a11317$b40$c20150108$lBLL01$h1439
=CAT  \\$aBATCH-UPD$b40$c20151119$lBLL01$h1552
=CAT  \\$aIPL-CLA$c20151231$lBLL01$h1935
=CAT  \\$aBATCH-UPD$b00$c20160524$lBLL01$h2215
=CAT  \\$aBATCH-UPD$b00$c20160525$lBLL01$h0057
=CAT  \\$aBATCH-UPD$b00$c20161122$lBLL01$h1522
=CAT  \\$aIPL-CLA$c20161231$lBLL01$h0014
=CAT  \\$aBATCH-UPD$b00$c20171121$lBLL01$h1705
=CAT  \\$aW1711-1005$c20171206$lBLL01$h1826
=CAT  \\$aIPL-CLA$c20171231$lBLL01$h1822
=CAT  \\$aBATCH-UPD$b00$c20181217$lBLL01$h1653
=CAT  \\$aIPL-CLA$c20181231$lBLL01$h1553
=CAT  \\$aW1910-0530$c20191007$lBLL01$h1114
=CAT  \\$aR1911-1518$c20191206$lBLL01$h1419
=CAT  \\$aIPL-CLA$c20191231$lBLL01$h2036
=CAT  \\$aBATCH-UPD$b00$c20220308$lBLL01$h1736
=CAT  \\$aIPL-CLA$c20220331$lBLL01$h1952
=CAT  \\$a12654$b40$c20230228$lBLL01$h0820
=CAT  \\$aS2302-1302$c20230322$lBLL01$h1708
=CAT  \\$aS2302-1302$c20230323$lBLL01$h1443
=CAT  \\$aIPL-CLA$c20230331$lBLL01$h1547
=CAT  \\$aS2304-0519$c20230412$lBLL01$h1141
=CAT  \\$aBATCH-SUPP$c20230426$lBLL01$h1110
=CFI  0\$aCurrent Copyright Fee: GBP32.00$c29\0$e01-apr-2023$fGBP32.00$g0$hP$5Uk
=CFI  2\$aPrevious copyright fee: GBP22.00$c29\0$e01-apr-2022$fGBP22.00$g0$hP$5Uk
=EST  \\$a1
=FFP  \\$aY$bBLDSS-3PM
=FIN  \\$aY$d20140123
=FMT  \\$a  SE
=LAS  \\$aBATCH-SUPP$b00$c20230426$lBLL01$h1110
=LET  \0$aMELUS (Online)
=LKR  \\$aPAR$b011757131$lBLL01$nMELUS (Print)$mMELUS (Online)$r776
=MNI  \\$a0163-755X
=SID  \\$aZ39$bOCLC
=TOC  \\$aETOC
=UNO  \\$aY

