=LDR  05301cas a2201201 a 4500
=001  016561007
=003  Uk
=005  20230426111053.0
=006  m\\\\\o\\d\\\\\\\\
=007  cr\cnu||||||||
=008  010215c19799999ncufr\pso\\\\\0\\\a0eng\c
=010  \\$a2001214628
=015  \\$aGBB409885$2bnb
=022  0\$a1533-8339$l0195-6167$y0195-6167$21
=035  \\$a(OCoLC)45918171$z(OCoLC)46607481
=037  \\$amts$bOxford University Press
=037  3\$aISSN_15338339$bPortico$nOxford University Press
=040  \\$aNSD$beng$cNSD$dOCLCQ$dEYM$dCUS$dOCLCQ$dNSD$dOCLCQ$dDLC$dMUQ$dVRC$dOCLCQ$dDLC$dOCLCQ$dOCLCF$dUk
=042  \\$aukblsr
=050  14$aMT6
=082  04$a781.05$223
=130  0\$aMusic theory spectrum (Online)
=222  \0$aMusic theory spectrum$b(Online)
=245  10$aMusic theory spectrum$h[electronic resource].
=246  30$aSpectrum
=260  \\$aBerkeley, Calif. :$bUniversity of California Press
=264  31$32014-$a[Cary, NC] :$bOxford University Press
=310  \\$aSemiannual
=336  \\$atext$2rdacontent
=337  \\$acomputer$2rdamedia
=338  \\$aonline resource$2rdacarrier
=362  1\$aPrint began with vol. 1 (1979).
=530  \\$aAlso issued in print.
=538  \\$aMode of access: World Wide Web.
=540  \\$aCurrent Copyright Fee: GBP32.00$c29\0$5Uk
=588  \\$aDescription based on: Vol. 23, no. 1 (spring 2001) (publisher's Web site viewed Apr. 30, 2004).
=588  \\$aLatest issue consulted: volume 35, issue 2 (fall 2013) (Oxford Journals website, viewed January 27, 2014).
=650  \0$aMusic theory$vPeriodicals.
=650  \7$aMusic theory.$2fast
=655  \7$aPeriodicals.$2fast
=710  2\$aSociety for Music Theory.
=776  1\$tMusic theory spectrum$x0195-6167
=852  41$aBritish Library$bHMNTS$jELD Digital store$3Volume 36:Number 1(2014:Spring)-
=852  41$aBritish Library$bDSC$j5990.425000
=856  \\$31850-9999$uhttp://ukcatalogue.oup.com/$xBLDSS
=856  4\$uhttp://firstsearch.oclc.org$zAddress for accessing the journal using authorization number and password through OCLC FirstSearch Electronic Collections Online
=856  4\$uhttp://firstsearch.oclc.org/journal=0195-6167;screen=info;ECOIP$zAddress for accessing the journal from an authorized IP address through OCLC FirstSearch Electronic Collections Online
=856  4\$uhttp://www.ucpress.edu/journals
=856  40$uhttp://mts.oxfordjournals.org/
=856  40$uhttp://www.ingentaselect.com/rpsv/cw/ucp/01956167/contp1.htm
=856  40$uhttp://www.jstor.org/journals/01956167.html
=859  \\$aELD$bejournal
=859  \\$aXLD$bejournal$cSFX
=945  \\$aMusic theory spectrum.
=959  \\$fCurrently available
=979  \\$aBritish Library$bDSC$j5990.425000
=ACF  \\$aPrevious Copyright Fee: GBP9.00$c0$e13-dec-2013$fGBP9.00$g0$hC$5Uk
=ACF  \\$aPrevious copyright fee: GBP20.00$c29\0$e01-jan-2014$fGBP20.00$g0$hP$5Uk
=ACF  \\$aPrevious copyright fee: GBP23.00$c29\0$e01-jan-2015$fGBP23.00$g0$hP$5Uk
=ACF  \\$aPrevious copyright fee: GBP24.00$c29\0$e01-jan-2016$fGBP24.00$g0$hP$5Uk
=ACF  \\$aPrevious copyright fee: GBP26.00$c29\0$e01-jan-2017$fGBP26.00$g0$hP$5Uk
=ACF  \\$aPrevious copyright fee: GBP27.00$c29\0$e01-jan-2018$fGBP27.00$g0$hP$5Uk
=ACF  \\$aPrevious copyright fee: GBP28.00$c29\0$e01-jan-2019$fGBP28.00$g0$hP$5Uk
=ACF  \\$aPrevious Copyright Fee: GBP20.00$c29\0$e01-jan-2020$fGBP20.00$g0$hP$5Uk
=CAT  \\$a11433$b40$c20131205$lBLL01$h1434
=CAT  \\$aCDS15-UPD$b40$c20141130$lBLL01$h1854
=CAT  \\$aBLDSS-3PM$b00$c20141208$lBLL01$h1628
=CAT  \\$aIPL-CLA$c20141231$lBLL01$h1704
=CAT  \\$aBATCH-UPD$b00$c20151119$lBLL01$h1552
=CAT  \\$aIPL-CLA$c20151231$lBLL01$h1935
=CAT  \\$aBATCH-UPD$b00$c20160524$lBLL01$h2215
=CAT  \\$aBATCH-UPD$b00$c20160525$lBLL01$h0057
=CAT  \\$aBATCH-UPD$b00$c20161122$lBLL01$h1522
=CAT  \\$aIPL-CLA$c20161231$lBLL01$h0014
=CAT  \\$aBATCH-UPD$b00$c20171121$lBLL01$h1705
=CAT  \\$aW1711-1005$c20171206$lBLL01$h1826
=CAT  \\$aIPL-CLA$c20171231$lBLL01$h1822
=CAT  \\$aBATCH-UPD$b00$c20181217$lBLL01$h1653
=CAT  \\$aIPL-CLA$c20181231$lBLL01$h1553
=CAT  \\$aW1910-0530$c20191007$lBLL01$h1114
=CAT  \\$aR1911-1518$c20191206$lBLL01$h1419
=CAT  \\$aIPL-CLA$c20191231$lBLL01$h2036
=CAT  \\$aBATCH-UPD$b00$c20220308$lBLL01$h1736
=CAT  \\$aIPL-CLA$c20220331$lBLL01$h1952
=CAT  \\$a12654$b40$c20230228$lBLL01$h1125
=CAT  \\$aS2302-1302$c20230322$lBLL01$h1708
=CAT  \\$aS2302-1302$c20230323$lBLL01$h1444
=CAT  \\$aIPL-CLA$c20230331$lBLL01$h1547
=CAT  \\$aS2304-0519$c20230412$lBLL01$h1141
=CAT  \\$aBATCH-SUPP$c20230426$lBLL01$h1110
=CFI  0\$aCurrent Copyright Fee: GBP32.00$c29\0$e01-apr-2023$fGBP32.00$g0$hP$5Uk
=CFI  2\$aPrevious copyright fee: GBP22.00$c29\0$e01-apr-2022$fGBP22.00$g0$hP$5Uk
=EST  \\$a1
=FFP  \\$aY$bBLDSS-3PM
=FIN  \\$aY$d20140128
=FMT  \\$a  SE
=LAS  \\$aBATCH-SUPP$b00$c20230426$lBLL01$h1110
=LET  \0$aMusic theory spectrum (Online)
=LKR  \\$aPAR$b012413770$lBLL01$nMusic theory spectrum (Print)$mMusic theory spectrum (Online)$r776
=MNI  \\$a0195-6167
=SID  \\$aZ39$bOCLC
=TOC  \\$aETOC
=UNO  \\$aY

