=LDR  04534cas a2201033 i 4500
=001  017017221
=003  Uk
=005  20230426111110.0
=006  m\\\\\|\\d\|\\\\\\
=007  cr\|||||||||||
=008  150119c19199999enkbr\p\o\\\\\0\\\a0eng\\
=015  \\$aGBB535523$2bnb
=022  0\$a1545-1542$202
=037  \\$ajmammal$bOxford University Press
=037  3\$aISSN_0022237X_4$bPortico$nOxford University Press
=040  \\$aUk$beng$cUk$erda
=042  \\$aukblsr$aissnuk
=082  04$a599.05$223
=222  \0$aJournal of mammalogy$b(Online)
=245  00$aJournal of mammalogy.
=264  \1$aLawrence, KS :$bAmerican Society of Mammalogists,$c[1919]-
=264  31$aOxford :$bOxford University Press
=310  \\$aBimonthly
=336  \\$atext$2rdacontent
=337  \\$acomputer$2rdamedia
=338  \\$aonline resource$2rdacarrier
=362  1\$aPrint began in 1919.
=540  \\$aCurrent Copyright Fee: GBP33.00$c29\0$5Uk
=550  \\$a"Published on behalf of American Society of Mammalogists."
=588  \\$aDescription based on print version record.
=588  \\$aLatest issue consulted: volume 95, issue 6 (01 December 2015) (Oxford University Press Journals, viewed March 12, 2015).
=650  \0$aMammals$vPeriodicals.
=710  2\$aAmerican Society of Mammalogists.
=776  08$iAlso issued in print as:$tJournal of mammalogy$x0022-2372
=852  41$aBritish Library$bHMNTS$jELD Digital store$3Volume 81:Issue 4(2000)-***Previous issues available in print copy
=852  \\$aBritish Library$bDSC$j5011.000000$3Volume 82:Issue 3(2001)-Volume 100:Issue 1(2019)***See ESTAR for full holdings.
=856  \\$31850-9999$uhttp://www.oxfordjournals.org/$xBLDSS
=856  40$uhttp://jmammal.oxfordjournals.org/
=859  \\$aELD$bejournal
=859  \\$aXLD$bejournal$cSFX
=945  \\$aJournal of mammalogy.
=959  \\$fCurrently available
=979  \\$aBritish Library$bDSC$j5011.000000
=985  \\$aISSN responsibility transferred from United States ISSN Center to ISSN UK Centre, March 19 2015.
=ACF  \\$aPrevious Copyright Fee: GBP16.00$c0$e01-jul-2015$fGBP16.00$g0$hC$5Uk
=ACF  \\$aBritish Library not licensed to copy$c0$e01-apr-2015$hC$iCFP Excluded$5Uk
=ACF  \\$aPrevious copyright fee: GBP23.00$c29\0$e21-jul-2015$fGBP23.00$g0$hP$5Uk
=ACF  \\$aPrevious copyright fee: GBP24.00$c29\0$e01-jan-2016$fGBP24.00$g0$hP$5Uk
=ACF  \\$aPrevious copyright fee: GBP26.00$c29\0$e01-jan-2017$fGBP26.00$g0$hP$5Uk
=ACF  \\$aPrevious copyright fee: GBP27.00$c29\0$e01-jan-2018$fGBP27.00$g0$hP$5Uk
=ACF  \\$aPrevious copyright fee: GBP28.00$c29\0$e01-jan-2019$fGBP28.00$g0$hP$5Uk
=ACF  \\$aPrevious Copyright Fee: GBP20.00$c29\0$e01-jan-2020$fGBP20.00$g0$hP$5Uk
=CAT  \\$a8411$b40$c20150119$lBLL01$h1414
=CAT  \\$a5410$b40$c20160106$lBLL01$h1335
=CAT  \\$aBATCH-UPD$b40$c20160525$lBLL01$h1429
=CAT  \\$aBATCH-UPD$b40$c20161122$lBLL01$h1522
=CAT  \\$a10806$b40$c20161129$lBLL01$h1314
=CAT  \\$aIPL-CLA$c20161231$lBLL01$h0021
=CAT  \\$a6550$b40$c20170331$lBLL01$h1223
=CAT  \\$aBATCH-UPD$b40$c20171121$lBLL01$h1705
=CAT  \\$aW1711-1005$c20171206$lBLL01$h1828
=CAT  \\$aIPL-CLA$c20171231$lBLL01$h1827
=CAT  \\$aBATCH-UPD$b00$c20181217$lBLL01$h1653
=CAT  \\$aIPL-CLA$c20181231$lBLL01$h1554
=CAT  \\$aW1910-0530$c20191007$lBLL01$h1114
=CAT  \\$aR1911-1518$c20191206$lBLL01$h1419
=CAT  \\$aIPL-CLA$c20191231$lBLL01$h2040
=CAT  \\$a12654$b40$c20210426$lBLL01$h1005
=CAT  \\$a5410$b40$c20210908$lBLL01$h0933
=CAT  \\$a5410$b40$c20210908$lBLL01$h0934
=CAT  \\$aBATCH-UPD$b40$c20220308$lBLL01$h1736
=CAT  \\$aIPL-CLA$c20220331$lBLL01$h1953
=CAT  \\$a12654$b40$c20230223$lBLL01$h0801
=CAT  \\$aS2302-1302$c20230322$lBLL01$h1708
=CAT  \\$aS2302-1302$c20230323$lBLL01$h1443
=CAT  \\$aIPL-CLA$c20230331$lBLL01$h1547
=CAT  \\$aS2304-0519$c20230412$lBLL01$h1141
=CAT  \\$aBATCH-SUPP$c20230426$lBLL01$h1111
=CFI  0\$aCurrent Copyright Fee: GBP33.00$c29\0$e01-apr-2023$fGBP33.00$g0$hP$5Uk
=CFI  2\$aPrevious copyright fee: GBP22.00$c29\0$e01-apr-2022$fGBP22.00$g0$hP$5Uk
=FFP  \\$aY$bBLDSS-3PM
=FIN  \\$aY$d20150312
=FMT  \\$a  SE
=LAS  \\$aBATCH-SUPP$b00$c20230426$lBLL01$h1111
=LET  \0$aJournal of mammalogy (Electronic)
=LKR  \\$aPAR$b010490603$lBLL01$nJournal of mammalogy (Print)$mJournal of mammalogy (Online)$r776
=MNI  \\$a0022-2372
=TOC  \\$aETOC
=UNO  \\$aY

