=LDR  04471cas a2201021 i 4500
=001  017017251
=003  Uk
=005  20230426111110.0
=006  m\\\\\|\\d\|\\\\\\
=007  cr\|||||||||||
=008  150119c19649999enkbr\p\o\\\\\0\\\a0eng\\
=015  \\$aGBB535542$2bnb
=022  0\$a1938-2928$202$l0022-2585
=037  \\$ajme$bOxford University Press
=037  3\$aISSN_0022258X_4$bPortico$nOxford University Press
=040  \\$aUk$beng$cUk$erda
=042  \\$aukblsr$aissnuk
=082  04$a616.968$223
=222  \0$aJournal of medical entomology$b(Online)
=245  00$aJournal of medical entomology.
=264  \1$aHonolulu :$bEntomology Department, Bishop Museum,$c[1964]-
=264  31$aOxford :$bOxford University Press
=310  \\$aBimonthly
=336  \\$atext$2rdacontent
=337  \\$acomputer$2rdamedia
=338  \\$aonline resource$2rdacarrier
=362  1\$aPrint began in 1964.
=540  \\$aCurrent Copyright Fee: GBP32.00$c29\0$5Uk
=550  \\$a"Published on behalf of Entomological Society of America."
=588  \\$aDescription based on print version record.
=588  \\$aLatest issue consulted: volume 52, issue 2 (01 March 2015) (Oxford University Press Journals, viewed March 13, 2013).
=650  \0$aInsects as carriers of disease$vPeriodicals.
=710  2\$aEntomological Society of America.
=776  08$iAlso issued in print as:$tJournal of medical entomology$x0022-2585
=852  41$aBritish Library$bSTI$jELD Digital store$3Volume 1:Issue 2(1964)-***Previous issues available in print copy
=852  41$aBritish Library$bDSC$j5017.060000$3Volume 41:Issue 3(2004)-Volume 59:Issue 2(2022)***See ESTAR for full holdings.
=856  \\$31850-9999$uhttp://www.oxfordjournals.org$xBLDSS
=856  40$uhttp://jme.oxfordjournals.org/
=859  \\$aELD$bejournal
=859  \\$aXLD$bejournal$cSFX
=945  \\$aJournal of medical entomology.
=959  \\$fCurrently available
=979  \\$aBritish Library$bDSC$c5017.060000
=985  \\$aISSN responsibility transferred from United States ISSN Center to ISSN UK Centre, March 19 2015.
=ACF  \\$aPrevious copyright fee: GBP23.00$c29\0$e11-feb-2015$fGBP23.00$g0$hP$5Uk
=ACF  \\$aPrevious copyright fee: GBP24.00$c29\0$e01-jan-2016$fGBP24.00$g0$hP$5Uk
=ACF  \\$aPrevious copyright fee: GBP26.00$c29\0$e01-jan-2017$fGBP26.00$g0$hP$5Uk
=ACF  \\$aPrevious copyright fee: GBP27.00$c29\0$e01-jan-2018$fGBP27.00$g0$hP$5Uk
=ACF  \\$aPrevious copyright fee: GBP28.00$c29\0$e01-jan-2019$fGBP28.00$g0$hP$5Uk
=ACF  \\$aPrevious Copyright Fee: GBP20.00$c29\0$e01-jan-2020$fGBP20.00$g0$hP$5Uk
=CAT  \\$a8411$b40$c20150119$lBLL01$h1442
=CAT  \\$aBLDSS-3PM$b00$c20150522$lBLL01$h1544
=CAT  \\$a12654$b40$c20150717$lBLL01$h1400
=CAT  \\$aBATCH-UPD$b40$c20151119$lBLL01$h1552
=CAT  \\$aIPL-CLA$c20151231$lBLL01$h1936
=CAT  \\$aBATCH-UPD$b00$c20160517$lBLL01$h0936
=CAT  \\$aBATCH-UPD$b00$c20160524$lBLL01$h2216
=CAT  \\$aBATCH-UPD$b00$c20161122$lBLL01$h1522
=CAT  \\$aIPL-CLA$c20161231$lBLL01$h0021
=CAT  \\$aBATCH-UPD$b00$c20171121$lBLL01$h1705
=CAT  \\$aW1711-1005$c20171206$lBLL01$h1828
=CAT  \\$aIPL-CLA$c20171231$lBLL01$h1827
=CAT  \\$aBATCH-UPD$b00$c20181217$lBLL01$h1653
=CAT  \\$aIPL-CLA$c20181231$lBLL01$h1554
=CAT  \\$aW1910-0530$c20191007$lBLL01$h1114
=CAT  \\$aR1911-1518$c20191206$lBLL01$h1419
=CAT  \\$aIPL-CLA$c20191231$lBLL01$h2040
=CAT  \\$aBATCH-UPD$b00$c20220308$lBLL01$h1736
=CAT  \\$aIPL-CLA$c20220331$lBLL01$h1953
=CAT  \\$a8055$b40$c20221214$lBLL01$h1547
=CAT  \\$aS2302-1302$c20230322$lBLL01$h1708
=CAT  \\$aS2302-1302$c20230323$lBLL01$h1443
=CAT  \\$aIPL-CLA$c20230331$lBLL01$h1547
=CAT  \\$aS2304-0519$c20230412$lBLL01$h1141
=CAT  \\$a5410$b40$c20230426$lBLL01$h1046
=CAT  \\$aBATCH-SUPP$c20230426$lBLL01$h1111
=CFI  0\$aCurrent Copyright Fee: GBP32.00$c29\0$e01-apr-2023$fGBP32.00$g0$hP$5Uk
=CFI  2\$aPrevious copyright fee: GBP22.00$c29\0$e01-apr-2022$fGBP22.00$g0$hP$5Uk
=EST  \\$a1
=FFP  \\$aY$bBLDSS-3PM
=FIN  \\$aY$d20150313
=FMT  \\$a  SE
=LAS  \\$aBATCH-SUPP$b00$c20230426$lBLL01$h1111
=LET  \0$aJournal of medical entomology (Electronic)
=LKR  \\$aPAR$b010490765$lBLL01$nJournal of medical entomology (Print)$mJournal of medical entomology (Online)$r776
=MNI  \\$a0022-2585
=TOC  \\$aETOC
=UNO  \\$aY

