=LDR  05376cas a2201249 a 4500
=001  013673345
=003  Uk
=005  20230426110904.0
=006  m\\\\\\\\d\\\\\\\\
=007  cr\|||||||||||
=008  070914c20089999enkqr\p\s\\\\\0\\\a0eng\d
=010  \\$a2008242162
=015  \\$aGBA935192$2bnb
=022  0\$a1753-9137$l1753-9137
=035  \\$a(OCoLC)171290511
=037  \\$aISSN_17539129$bPortico$nWiley
=037  2\$ajcccrit$bOxford University Press
=037  3\$aISSN_17539129_4$bPortico$nOxford University Press
=040  \\$aJNA$cJNA$dJNA$dMYG$dDLC$dUk
=042  \\$aukblsr
=050  14$aP87
=082  04$a300.5$222
=130  0\$aCommunication, culture, & critique (Online)
=222  \0$aCommunication, culture & critique$b(Online)
=245  10$aCommunication, culture, & critique$h[electronic resource].
=246  3\$aCC&C
=246  3\$aCommunication, culture, and critique
=260  \\$aOxford :$bBlackwell,$c2008-
=264  21$a[Oxford] :$bJohn Wiley & Sons
=264  31$a[Oxford] :$bOxford University Press
=310  \\$aQuarterly
=336  \\$atext$2rdacontent
=337  \\$acomputer$2rdamedia
=338  \\$aonline resource$2rdacarrier
=362  0\$aVol. 1, issue 1 (2008)-
=500  \\$aDescription based on first issue (Blackwell-Synergy, viewed Apr. 15, 2008).
=500  \\$aPublished on behalf of the International Communication Association.
=530  \\$aAlso issued in print.
=538  \\$aMode of access: World Wide Web.
=540  \\$aCurrent Copyright Fee: GBP33.00$c29\0$5Uk
=588  \\$aLatest issue consulted: volume 11, issue 4 (December 2018) (OUP website, viewed February 12, 2019).
=650  \0$aCommunication$vPeriodicals.
=650  \0$aMass media$vPeriodicals.
=650  \0$aCulture$vPeriodicals.
=650  \0$aCriticism$vPeriodicals."com
=710  2\$aInternational Communication Association.
=776  0\$tCommunication, culture & critique$x1753-9129
=776  1\$tCommunication, culture & critique$x1753-9129
=852  41$aBritish Library$bDSC$j3359.645000$3Volume 1:Issue 2(2008)-Volume 15:Issue 3(2022)***See ESTAR for full holdings.
=852  41$aBritish Library$bHMNTS$jELD Digital store$3Volume 6:Number 1(2013:Mar.)-***Previous issues available in print copy
=856  40$uhttps://academic.oup.com/ccc
=856  \\$31850-9999$uhttp://onlinelibrary.wiley.com/$xBLDSS
=856  40$uhttp://www.blackwell-synergy.com/loi/cccr
=856  40$uhttp://www3.interscience.wiley.com/journal/118902550/home
=859  \\$aELD$bejournal
=859  \\$aXLD$bejournal$cSFX
=945  \\$aCommunication culture and critique
=959  \\$fCurrently available
=979  \\$aBritish Library$bDSC$j3359.645000
=985  \\$aISSN responsibility transferred to US ISSN Center from ISSN UK Centre, Wiley, Multinational Publisher List, Summer 2017.
=ACF  \\$aPrevious copyright fee: GBP16.00$c10\0$e07-aug-2008$fGBP16.00$g0$hP$5Uk
=ACF  \\$aPrevious copyright fee: GBP17.00$c10\0$e01-jan-2009$fGBP17.00$g0$hP$5Uk
=ACF  \\$aPrevious copyright fee: GBP22.00$c10\0$e01-jan-2011$fGBP22.00$g0$hP$5Uk
=ACF  \\$aPrevious copyright fee: GBP24.00$c35\0$e07-mar-2017$fGBP24.00$g0$hP$5Uk
=ACF  \\$aPrevious copyright fee: GBP24.00$c10\0$e01-mar-2015$fGBP24.00$g0$hP$5Uk
=ACF  \\$aPrevious copyright fee: GBP27.00$c29\0$e08-jan-2018$fGBP27.00$g0$hP$5Uk
=ACF  \\$aPrevious copyright fee: GBP28.00$c29\0$e01-jan-2019$fGBP28.00$g0$hP$5Uk
=ACF  \\$aPrevious Copyright Fee: GBP20.00$c29\0$e01-jan-2020$fGBP20.00$g0$hP$5Uk
=CAT  \\$a6537$b40$c20070214$lBLL01$h0849
=CAT  \\$aW1703-0316$c20170307$lBLL01$h1648
=CAT  \\$aIPL-CLA$c20170307$lBLL01$h1824
=CAT  \\$a10983$b40$c20170919$lBLL01$h0851
=CAT  \\$a11313$b40$c20171114$lBLL01$h1156
=CAT  \\$aW1711-1005$c20171206$lBLL01$h1820
=CAT  \\$a5552$b40$c20180108$lBLL01$h1226
=CAT  \\$aBATCH-UPD$b40$c20180110$lBLL01$h0100
=CAT  \\$a10983$b40$c20180721$lBLL01$h0857
=CAT  \\$aBATCH-UPD$b40$c20181217$lBLL01$h1652
=CAT  \\$aIPL-CLA$c20181231$lBLL01$h1545
=CAT  \\$a8483$b40$c20190212$lBLL01$h1017
=CAT  \\$a15005$b40$c20191010$lBLL01$h1539
=CAT  \\$aR1911-1518$c20191206$lBLL01$h1418
=CAT  \\$aIPL-CLA$c20191231$lBLL01$h1944
=CAT  \\$aBATCH-UPD$b00$c20220308$lBLL01$h1734
=CAT  \\$aIPL-CLA$c20220331$lBLL01$h1952
=CAT  \\$a8055$b40$c20221115$lBLL01$h1507
=CAT  \\$a8055$b40$c20221115$lBLL01$h1512
=CAT  \\$a8055$b40$c20221116$lBLL01$h1056
=CAT  \\$aS2302-1302$c20230322$lBLL01$h1707
=CAT  \\$aS2302-1302$c20230322$lBLL01$h1708
=CAT  \\$aS2302-1302$c20230323$lBLL01$h1443
=CAT  \\$aIPL-CLA$c20230331$lBLL01$h1547
=CAT  \\$aS2304-0519$c20230412$lBLL01$h1139
=CAT  \\$aBATCH-SUPP$c20230426$lBLL01$h1109
=CFI  0\$aCurrent Copyright Fee: GBP33.00$c29\0$e01-apr-2023$fGBP33.00$g0$hP$5Uk
=CFI  2\$aPrevious copyright fee: GBP22.00$c29\0$e01-apr-2022$fGBP22.00$g0$hP$5Uk
=EST  \\$a1
=FFP  \\$aY$bBLDSS-3PM
=FIN  \\$aY$d20081119
=FMT  \\$a  SE
=LAS  \\$aBATCH-SUPP$b00$c20230426$lBLL01$h1109
=LKR  \\$aPAR$b013673346$lBLL01$nCommunication, culture & critique (Print)$mCommunication, culture & critique (Online)$r776
=MNI  \\$a1753-9129
=SID  \\$aZ39$bOCLC
=TCO  \\$aCLA$bCLA$c008
=TOC  \\$aETOC
=UNO  \\$aY

