=LDR  05477cas a2201225 a 4500
=001  013686631
=003  Uk
=005  20230426110906.0
=006  m\\\\fo\\d\\\\\\\\
=007  cr\|||||||||||
=008  061117c20079999ncuqr\poo\\\\\0\\\a0eng\c
=010  \\$a2007247663
=015  \\$aGBB352517$2bnb
=022  0\$a1749-5687$202
=035  \\$a(OCoLC)76286473$z(OCoLC)746936627
=037  \\$aISSN_17495679$bPortico$nWiley
=037  2\$aIPS$bOxford University Press
=037  3\$aISSN_17495679_4$bPortico$nOxford University Press
=040  \\$aJNA$beng$cJNA$dJNA$dOCL$dDLC$dBUF$dDOS$dOCLCQ$dTXA$dOCLCQ$dUk
=042  \\$aukblsr$aissnuk
=050  14$aJA76$b.I67
=082  04$a306.2$223
=130  0\$aInternational political sociology (Online)
=222  \0$aInternational political sociology$b(Online)
=245  10$aInternational political sociology$h[electronic resource] :$bIPS.
=246  10$aIPS
=260  \\$aMalden, MA :$bPublished on behalf of the International Studies Association by Blackwell,$c2007-
=264  21$aMalden, MA :$bJohn Wiley & Sons Inc
=264  31$32016-$a[Cary, NC] :$bPublished by Oxford University Press on behalf of the International Studies Association
=310  \\$aQuarterly
=336  \\$atext$2rdacontent
=337  \\$acomputer$2rdamedia
=338  \\$aonline resource$2rdacarrier
=362  1\$aBegan with: Vol. 1, issue 1 (Mar. 2007).
=538  \\$aMode of access: World Wide Web.
=540  \\$aCurrent Copyright Fee: GBP32.00$c29\0$5Uk
=550  \\$aPublished on behalf of the International Studies Association.
=588  \\$aDescription based on: Vol. 1, issue 1 (Mar. 2007); title from PDF article header (Wiley Online Library, viewed Mar. 8, 2011).
=588  \\$aLatest issue consulted: volume 10, issue 1 (March 2016) (Oxford Journals, viewed July 7, 2016).
=650  \0$aPolitical sociology$vPeriodicals.
=650  \0$aInternational relations$vPeriodicals.
=650  \0$aPolitical science$vPeriodicals.
=650  \0$aSociology$vPeriodicals.
=710  2\$aInternational Studies Association.
=776  08$iPrint version:$tInternational political sociology$x1749-5679
=852  41$aBritish Library$bDSC$j4544.965220$3Volume 1:Issue 1(2007)-Volume 8:Issue 4(2014)***See ESTAR for full holdings.
=852  41$aBritish Library$bHMNTS$jELD Digital store$3Volume 7:Issue 1(2013:Mar.)-
=856  \\$31850-9999$uhttp://onlinelibrary.wiley.com/$xBLDSS
=856  40$uhttp://onlinelibrary.wiley.com/journal/10.1111/(ISSN)1749-5687/issues
=856  40$uhttp://www.blackwell-synergy.com/loi/IPS
=856  40$uhttp://ips.oxfordjournals.org/
=859  \\$aELD$bejournal
=859  \\$aXLD$bejournal$cSFX
=945  \\$aInternational political sociology
=959  \\$fCurrently available
=979  \\$aBritish Library$bDSC$j4544.965220
=ACF  \\$aPrevious Copyright Fee: GBP16.00$c10\0$e02-mar-2007$fGBP16.00$g0$hP$5Uk
=ACF  \\$aPrevious copyright fee: GBP17.00$c10\0$e01-jan-2009$fGBP17.00$g0$hP$5Uk
=ACF  \\$aPrevious copyright fee: GBP24.00$c10\0$e01-mar-2015$fGBP24.00$g0$hP$5Uk
=ACF  \\$aPrevious copyright fee: GBP22.00$c10\0$e01-jan-2011$fGBP22.00$g0$hP$5Uk
=ACF  \\$aPrevious copyright fee: GBP24.00$c29\0$e24-feb-2016$fGBP24.00$g0$hP$5Uk
=ACF  \\$aPrevious copyright fee: GBP26.00$c29\0$e01-jan-2017$fGBP26.00$g0$hP$5Uk
=ACF  \\$aPrevious copyright fee: GBP27.00$c29\0$e01-jan-2018$fGBP27.00$g0$hP$5Uk
=ACF  \\$aPrevious copyright fee: GBP28.00$c29\0$e01-jan-2019$fGBP28.00$g0$hP$5Uk
=ACF  \\$aPrevious Copyright Fee: GBP20.00$c29\0$e01-jan-2020$fGBP20.00$g0$hP$5Uk
=CAT  \\$a7174$b40$c20070302$lBLL01$h1333
=CAT  \\$a8311$b40$c20160311$lBLL01$h1434
=CAT  \\$aBATCH-UPD$b40$c20160620$lBLL01$h0215
=CAT  \\$a10806$b40$c20160707$lBLL01$h1113
=CAT  \\$a10806$b40$c20160727$lBLL01$h1557
=CAT  \\$aBATCH-UPD$b40$c20161122$lBLL01$h1521
=CAT  \\$aIPL-CLA$c20161230$lBLL01$h2211
=CAT  \\$aBATCH-UPD$b00$c20171121$lBLL01$h1704
=CAT  \\$aW1711-1005$c20171206$lBLL01$h1820
=CAT  \\$aIPL-CLA$c20171231$lBLL01$h1703
=CAT  \\$aBATCH-UPD$b00$c20181217$lBLL01$h1652
=CAT  \\$aIPL-CLA$c20181231$lBLL01$h1545
=CAT  \\$a5410$b40$c20190909$lBLL01$h1338
=CAT  \\$a15005$b40$c20191012$lBLL01$h0931
=CAT  \\$a15005$b40$c20191012$lBLL01$h0932
=CAT  \\$aR1911-1518$c20191206$lBLL01$h1418
=CAT  \\$aIPL-CLA$c20191231$lBLL01$h1944
=CAT  \\$aBATCH-UPD$b00$c20220308$lBLL01$h1735
=CAT  \\$aIPL-CLA$c20220331$lBLL01$h1952
=CAT  \\$a5410$b40$c20221024$lBLL01$h1145
=CAT  \\$a12654$b40$c20230221$lBLL01$h0953
=CAT  \\$aS2302-1302$c20230322$lBLL01$h1708
=CAT  \\$aS2302-1302$c20230323$lBLL01$h1443
=CAT  \\$aIPL-CLA$c20230331$lBLL01$h1547
=CAT  \\$aS2304-0519$c20230412$lBLL01$h1139
=CAT  \\$aBATCH-SUPP$c20230426$lBLL01$h1109
=CFI  0\$aCurrent Copyright Fee: GBP32.00$c29\0$e01-apr-2023$fGBP32.00$g0$hP$5Uk
=CFI  2\$aPrevious copyright fee: GBP22.00$c29\0$e01-apr-2022$fGBP22.00$g0$hP$5Uk
=EST  \\$a1
=FFP  \\$aY$bBLDSS-3PM
=FIN  \\$aY$d20130529
=FMT  \\$a  SE
=LAS  \\$aBATCH-SUPP$b00$c20230426$lBLL01$h1109
=LKR  \\$aPAR$b013313369$lBLL01$r776$mInternational political sociology (Online)$nInternational political sociology (Print)
=MNI  \\$a1749-5679
=SID  \\$aZ39$bOCLC
=TCO  \\$aTRS$bCCC$c008
=TCO  \\$aCLA$bCLA$c008
=TOC  \\$aETOC
=UNO  \\$aY

