=LDR  05850cas a2201261 a 4500
=001  013693576
=003  Uk
=005  20230706091759.0
=006  m\\\\\o\\d\\\\\\\\
=007  cr\cnu||||||||
=008  001130c19479999enkmr\pso\o\\\0\\\a0eng\c
=010  \\$a00227428
=015  \\$aGBB350826$2bnb
=016  7\$a021303177$2DE-101
=016  7\$a2036375-8$2DE-600
=022  0\$a1558-5646$l0014-3820$y0014-3820$202
=035  \\$a(OCoLC)45446897$z(OCoLC)46381517$z(OCoLC)47722828
=037  3\$aISSN_00143820_4$bPortico$nOxford University Press
=037  \\$bEvolution Business Office, POB 7055, Lawrence, KS 66044-7055$a???$c{dollar}40.00
=037  \\$aISSN_00143820_2$bPortico$nWiley
=040  \\$aEYM$beng$cEYM$dOCLCQ$dOCL$dMUQ$dOCLCS$dNSD$dOCLCQ$dGBVCP$dOCLCQ$dUMC$dOCLCO$dUk
=042  \\$aukblsr$aissnuk
=050  14$aQH301
=082  04$a338.47004094$221
=130  0\$aEvolution (Lancaster, Pa. : Online)
=222  \0$aEvolution$b(Lancaster, Pa. : Online)
=245  10$aEvolution$h[electronic resource] :$binternational journal of organic evolution.
=260  \\$aLancaster, Pa. :$bSociety for the Study of Evolution,$c1947-
=260  2\$a[Oxford] :$bBlackwell Publishing
=264  21$aChichester :$bJohn Wiley & Sons, Ltd
=264  31$32023-$a[Oxford?] :$bOxford University Press on behalf of The Society for the Study of Evolution (SSE)
=310  \\$aMonthly,$b2001-
=321  \\$aSix times a year,$b1992-
=321  \\$aFrequency varies,$b1947-1991
=336  \\$atext$2rdacontent
=337  \\$acomputer$2rdamedia
=338  \\$aonline resource$2rdacarrier
=362  1\$aPrint began in 1947.
=362  0\$aVol. 1, no. 1-2 (Mar.-June 1947)-.
=500  \\$aPublished: Lawrence, Kan., 1961-
=540  \\$aCurrent Copyright Fee: GBP34.00$c29\0$5Uk
=588  \\$aDescription based on JSTOR World Wide Web homepage; title from title screen (viewed Nov. 30, 2000).
=588  \\$aLatest issue consulted: volume 77, number 2 (February 2023) (Oxford Academic, viewed February 21, 2023).
=650  \0$aEvolution$vPeriodicals.
=650  \0$aHeredity$vPeriodicals.
=650  \6$aEÌvolution (Biologie)$vPeÌriodiques.
=650  \6$aHeÌreÌditeÌ$vPeÌriodiques.
=690  7\$aManagement and Business Studies$2blcoll
=710  2\$aSociety for the Study of Evolution.
=776  08$iPrint version:$tEvolution (Lawrence, Kan.)$x0014-3820
=852  41$aBritish Library$bSTI$jELD Digital store$3Volume 67:Number 1(2013:Jan.)-***Previous issues available in print copy
=852  41$aBritish Library$bDSC$j3834.000000$3Volume 61:Issue 1(2007)-Volume 68:Issue 12(2014)***See ESTAR for full holdings.
=856  \\$31850-9999$uhttp://onlinelibrary.wiley.com/$xBLDSS
=856  4\$uhttp://firstsearch.oclc.org$zAddress for accessing the journal using authorization number and password through OCLC FirstSearch Electronic Collections Online
=856  4\$uhttp://firstsearch.oclc.org/journal=0014-3820;screen=info;ECOIP$zAddress for accessing the journal from an authorized IP address through OCLC FirstSearch Electronic Collections Online
=856  40$uhttp://evol.allenpress.com/evolonline/?request=index-html
=856  40$uhttp://onlinelibrary.wiley.com/journal/10.1111/(ISSN)1558-5646
=856  40$uhttp://www.jstor.org/journals/00143820.html
=856  40$uhttp://www.bioone.org/bioone/?request=get-journals-list&issn=0014-3820$zConnect to Evolution (Online)
=856  40$uhttps://academic.oup.com/evolut
=859  \\$aXLD$bejournal$cSFX
=859  \\$aELD$bejournal
=945  \\$aEvolution -Lawrence Kansas-.
=959  \\$fCurrently available
=985  \\$aISSN responsibility transferred from U.S. Center to UK Centre, 21/02/23.
=ACF  \\$aPrevious Copyright Fee: GBP22.00$c10\0$e13-mar-2007$fGBP22.00$g0$hP$5Uk
=ACF  \\$aPrevious copyright fee: GBP24.00$c10\0$e01-mar-2015$fGBP24.00$g0$hP$5Uk
=ACF  \\$aPrevious copyright fee: GBP24.00$c35\0$e07-mar-2017$fGBP24.00$g0$hP$5Uk
=ACF  \\$aPrevious copyright fee: GBP28.00$c35\0$e01-jan-2019$fGBP28.00$g0$hP$5Uk
=CAT  \\$a7174$b40$c20070313$lBLL01$h1138
=CAT  \\$aWR14_009$c20140204$lBLL01$h2343
=CAT  \\$aBATCH-CLA$c20140225$lBLL01$h2329
=CAT  \\$aBLDSS-3PM$b00$c20141214$lBLL01$h1524
=CAT  \\$aBATCH-UPD$b00$c20150215$lBLL01$h1628
=CAT  \\$aIPL-CLA$c20150228$lBLL01$h2051
=CAT  \\$aCDS15-UPD$b40$c20150918$lBLL01$h1640
=CAT  \\$aBATCH-UPD$b40$c20160517$lBLL01$h1805
=CAT  \\$aW1703-0316$c20170306$lBLL01$h1825
=CAT  \\$aW1703-0316$c20170307$lBLL01$h1648
=CAT  \\$aIPL-CLA$c20170307$lBLL01$h1824
=CAT  \\$aW1711-1005$c20171206$lBLL01$h1820
=CAT  \\$aBATCH-UPD$b00$c20180219$lBLL01$h1750
=CAT  \\$aBATCH-UPD$b00$c20181121$lBLL01$h1623
=CAT  \\$aIPL-CLA$c20181231$lBLL01$h1545
=CAT  \\$aR1911-0245$c20191127$lBLL01$h0823
=CAT  \\$aR1911-0245$c20191127$lBLL01$h1045
=CAT  \\$aIPL-CLA$c20191231$lBLL01$h1944
=CAT  \\$a11450$b40$c20230118$lBLL01$h0930
=CAT  \\$a10806$b40$c20230221$lBLL01$h0856
=CAT  \\$aS2302-1302$c20230323$lBLL01$h1444
=CAT  \\$aIPL-CLA$c20230331$lBLL01$h1547
=CAT  \\$aS2304-0519$c20230412$lBLL01$h1139
=CAT  \\$a14586$b40$c20230421$lBLL01$h1346
=CAT  \\$aBATCH-SUPP$c20230426$lBLL01$h1109
=CAT  \\$a12654$b40$c20230706$lBLL01$h0917
=CFI  0\$aCurrent Copyright Fee: GBP34.00$c29\0$e01-apr-2023$fGBP34.00$g0$hP$5Uk
=CFI  2\$aPrevious Copyright Fee: GBP32.00$c35\0$e01-jan-2020$fGBP32.00$g0$hP$5Uk
=EST  \\$a1
=FFP  \\$aY$bBLDSS-3PM
=FIN  \\$aY
=FMT  \\$a  SE
=LAS  \\$a12654$b40$c20230706$lBLL01$h0917
=LKR  \\$aPAR$b007860273$lBLL01$r776$mEvolution (Lancaster, Pa. : Online)$nEvolution (Lawrence, Kan.)
=MNI  \\$a0014-3820
=SID  \\$aZ39$bOCLC
=TCO  \\$aTRS$bCCC$c008
=TOC  \\$aETOC
=UNO  \\$aY

