=LDR  04666cas a2201057 a 4500
=001  013693974
=003  Uk
=005  20230426110906.0
=006  m\\\\\\\\d\|\\\\\\
=007  cr||||||||||||
=008  070313c20079999enktr\p\o\\\\\0\\\a0eng\\
=015  \\$aGBA995841$2bnb
=022  0\$a1754-1484$202
=037  \\$acww$bOxford University Press
=037  3\$aISSN_17541476$bPortico$nOxford University Press
=040  \\$aUk$beng$cUk$dUk
=042  \\$aissnuk$aukblsr
=082  04$a809.89287$222
=130  0\$aContemporary women's writing (Online)
=222  \0$aContemporary women's writing$b(Online)
=245  10$aContemporary women's writing$h[electronic resource].
=260  \\$aOxford :$bOxford University Press,$c2007-
=310  \\$aThree times a year,$b2010-
=321  \\$aSemiannual,$b2007-2009
=336  \\$atext$2rdacontent
=337  \\$acomputer$2rdamedia
=338  \\$aonline resource$2rdacarrier
=362  0\$aVol. 1, no. 1/2 (Dec. 2007)-
=500  \\$aIncludes some "special issues" which also have distinctive titles.
=500  \\$aTitle from contents screen (Oxford Journals, viewed on Sept. 30, 2009).
=540  \\$aCurrent Copyright Fee: GBP32.00$c29\0$5Uk
=588  \\$aLatest issue consulted: 7:3 (November 2013) (viewed January 30, 2014).
=650  \0$aLiterature$xWomen authors$xHistory and criticism$vPeriodicals.
=776  08$iAlso issued in print as:$tContemporary women's writing$x1754-1476
=852  41$aBritish Library$bDSC$j3425.315100$3Volume 1:Issue 1/2(2007)-Volume 5:Issue 3(2011)***See ESTAR for full holdings.
=852  41$aBritish Library$bHMNTS$jELD Digital store$3Volume 8:Number 1(2014:Mar.)-***Previous issues available in print copy
=856  \\$31850-9999$uhttp://ukcatalogue.oup.com/$xBLDSS
=856  4\$uhttp://cww.oxfordjournals.org
=859  \\$aXLD$bejournal$cSFX
=859  \\$aELD$bejournal
=945  \\$aContemporary womens writing
=959  \\$fCurrently available
=979  \\$aBritish Library$bDSC$j3425.315100
=ACF  \\$aPrevious copyright fee: GBP20.00$c29\0$e24-apr-2009$fGBP20.00$g0$hP$5Uk
=ACF  \\$aPrevious copyright fee: GBP14.00$c29\0$e01-jan-2010$fGBP14.00$g0$hP$5Uk
=ACF  \\$aPrevious copyright fee: GBP20.00$c29\0$e01-jan-2013$fGBP20.00$g0$hP$5Uk
=ACF  \\$aPrevious copyright fee: GBP23.00$c29\0$e01-jan-2015$fGBP23.00$g0$hP$5Uk
=ACF  \\$aPrevious copyright fee: GBP24.00$c29\0$e01-jan-2016$fGBP24.00$g0$hP$5Uk
=ACF  \\$aPrevious copyright fee: GBP26.00$c29\0$e01-jan-2017$fGBP26.00$g0$hP$5Uk
=ACF  \\$aPrevious copyright fee: GBP27.00$c29\0$e01-jan-2018$fGBP27.00$g0$hP$5Uk
=ACF  \\$aPrevious copyright fee: GBP28.00$c29\0$e01-jan-2019$fGBP28.00$g0$hP$5Uk
=ACF  \\$aPrevious Copyright Fee: GBP20.00$c29\0$e01-jan-2020$fGBP20.00$g0$hP$5Uk
=CAT  \\$a11439$b40$c20070313$lBLL01$h1600
=CAT  \\$aBLDSS-3PM$b00$c20141208$lBLL01$h1626
=CAT  \\$aIPL-CLA$c20141231$lBLL01$h1655
=CAT  \\$aBATCH-UPD$b00$c20151119$lBLL01$h1551
=CAT  \\$aIPL-CLA$c20151231$lBLL01$h1925
=CAT  \\$aBATCH-UPD$b00$c20160524$lBLL01$h0843
=CAT  \\$aBATCH-UPD$b00$c20160524$lBLL01$h2211
=CAT  \\$aBATCH-UPD$b00$c20161122$lBLL01$h1521
=CAT  \\$aIPL-CLA$c20161230$lBLL01$h2212
=CAT  \\$aBATCH-UPD$b00$c20171121$lBLL01$h1704
=CAT  \\$aW1711-1005$c20171206$lBLL01$h1820
=CAT  \\$aIPL-CLA$c20171231$lBLL01$h1704
=CAT  \\$aBATCH-UPD$b00$c20181217$lBLL01$h1652
=CAT  \\$aIPL-CLA$c20181231$lBLL01$h1545
=CAT  \\$aW1910-0530$c20191007$lBLL01$h1114
=CAT  \\$aR1911-1518$c20191206$lBLL01$h1418
=CAT  \\$aIPL-CLA$c20191231$lBLL01$h1944
=CAT  \\$aBATCH-UPD$b00$c20220308$lBLL01$h1735
=CAT  \\$aIPL-CLA$c20220331$lBLL01$h1952
=CAT  \\$a12654$b40$c20230125$lBLL01$h0845
=CAT  \\$aS2302-1302$c20230322$lBLL01$h1707
=CAT  \\$aS2302-1302$c20230322$lBLL01$h1708
=CAT  \\$aS2302-1302$c20230323$lBLL01$h1443
=CAT  \\$aIPL-CLA$c20230331$lBLL01$h1547
=CAT  \\$aS2304-0519$c20230412$lBLL01$h1139
=CAT  \\$aBATCH-SUPP$c20230426$lBLL01$h1109
=CFI  0\$aCurrent Copyright Fee: GBP32.00$c29\0$e01-apr-2023$fGBP32.00$g0$hP$5Uk
=CFI  2\$aPrevious copyright fee: GBP22.00$c29\0$e01-apr-2022$fGBP22.00$g0$hP$5Uk
=EST  \\$a1
=FFP  \\$aY$bBLDSS-3PM
=FIN  \\$aY$d20081001
=FMT  \\$a  SE
=LAS  \\$aBATCH-SUPP$b00$c20230426$lBLL01$h1109
=LET  \0$aContemporary women's writing (Online)
=LKR  \\$aPAR$b013693973$lBLL01$nContemporary women's writing (Print)$mContemporary women's writing (Online)$r776
=MNI  \\$a1754-1476
=TCO  \\$aCLA$bCLA$c008
=TOC  \\$aETOC
=UNO  \\$aY

