=LDR  05954cas a2201285 a 4500
=001  013717398
=003  Uk
=005  20230426110907.0
=006  m\\\\\\\\d\\\\\\\\
=007  cr\mnu||||||||
=008  020717c19799999ncufr\pso\\\\\0\\\a0eng\c
=010  \\$a2005263022
=015  \\$aGBB407807$2bnb
=022  0\$a1478-6729$l0193-936X$202
=035  \\$a(OCoLC)50189892$z(OCoLC)53813766
=037  \\$aepirev$bOxford University Press
=037  3\$aISSN_0193936X$bPortico$nOxford University Press
=040  \\$aSBH$beng$cSBH$dOCLCQ$dOCL$dOCLCQ$dMUQ$dTXA$dOCLCQ$dDLC$dOCLCQ$dOCLCO$dUk
=042  \\$aukblsr$aissnuk
=050  14$aRA648.5$b.E65
=060  00$aW1$bEP449
=082  04$a614.405$223
=130  0\$aEpidemiologic reviews (Online)
=210  0\$aEpidemiol. rev.$b(Online)
=222  \0$aEpidemiologic reviews$b(Online)
=245  10$aEpidemiologic reviews$h[electronic resource].
=260  \\$aBaltimore, Md. :$bJohns Hopkins University Bloomberg School of Public Health
=264  31$a[Cary, NC] :$bOxford University Press
=310  \\$aAnnual,$b2003-
=321  \\$aAnnual,$b1979-
=321  \\$aSemiannual,$b<1993>-2002
=336  \\$atext$2rdacontent
=337  \\$acomputer$2rdamedia
=338  \\$aonline resource$2rdacarrier
=362  1\$aPrint began with vol. 1 (1979).
=500  \\$aPublished on behalf of the Johns Hopkins Bloomberg School of Public Health.
=530  \\$aAlso issued in print.
=538  \\$aMode of access: World Wide Web.
=540  \\$aCurrent Copyright Fee: GBP33.00$c29\0$5Uk
=550  \\$aSponsored by the Society for Epidemiologic Research and the International Epidemiological Association.
=588  \\$aDescription based on: Vol. 24, issue 1 (July 2002); title from issue table of contents (Oxford, viewed June 3, 2005).
=588  \\$aLatest issue consulted: Vol. 35, issue 1 (2013) (Oxford Journals, viewed August 27, 2013).
=650  \0$aEpidemiology$vPeriodicals.
=710  2\$aSociety for Epidemiologic Research (U.S.)
=710  2\$aInternational Epidemiological Association.
=710  2\$aJohns Hopkins Bloomberg School of Public Health.
=776  1\$tEpidemiologic reviews$x0193-936X
=852  41$aBritish Library$bHMNTS$jELD Digital store$3Volume 36(2014)-***Previous issues available in print copy
=852  41$aBritish Library$bDSC$j3793.540000$3Volume 24:Issue 1(2002)-Volume 43:Issue 1(2021)***See ESTAR for full holdings.
=856  \\$31850-9999$uhttp://ukcatalogue.oup.com/$xBLDSS
=856  40$uhttp://epirev.oxfordjournals.org
=856  40$uhttp://epirev.oxfordjournals.org/
=856  40$uhttp://firstsearch.oclc.org$zAddress for accessing the journal using authorization number and password through OCLC FirstSearch Electronic Collections Online
=856  40$uhttp://firstsearch.oclc.org/journal=0193-936x;screen=info;ECOIP$zAddress for accessing the journal from an authorized IP address through OCLC FirstSearch Electronic Collections Online
=856  40$uhttp://www.ovid.com/products/journals/index.cfm
=859  \\$aELD$bejournal
=859  \\$aXLD$bejournal$cSFX
=945  \\$aEpidemiologic reviews
=959  \\$fCurrently available
=979  \\$aBritish Library$bDSC$j3793.540000
=ACF  \\$aPrevious Copyright Fee: GBP16.00$c29\0$e19-apr-2007$fGBP16.00$g0$hP$5Uk
=ACF  \\$aCurrent copyright fee: GBP18.00$c29\0$e01-jan-2008$fGBP18.00$g0$hP$5Uk
=ACF  \\$aPrevious copyright fee: GBP23.00$c29\0$e23-oct-2008$fGBP23.00$g0$hP$5Uk
=ACF  \\$aPrevious copyright fee: GBP20.00$c29\0$e01-jan-2013$fGBP20.00$g0$hP$5Uk
=ACF  \\$aPrevious copyright fee: GBP23.00$c29\0$e01-jan-2015$fGBP23.00$g0$hP$5Uk
=ACF  \\$aPrevious copyright fee: GBP24.00$c29\0$e01-jan-2016$fGBP24.00$g0$hP$5Uk
=ACF  \\$aPrevious copyright fee: GBP26.00$c29\0$e01-jan-2017$fGBP26.00$g0$hP$5Uk
=ACF  \\$aPrevious copyright fee: GBP27.00$c29\0$e01-jan-2018$fGBP27.00$g0$hP$5Uk
=ACF  \\$aPrevious copyright fee: GBP28.00$c29\0$e01-jan-2019$fGBP28.00$g0$hP$5Uk
=ACF  \\$aPrevious Copyright Fee: GBP20.00$c29\0$e01-jan-2020$fGBP20.00$g0$hP$5Uk
=CAT  \\$a7174$b40$c20070419$lBLL01$h0848
=CAT  \\$aIPL-CLA$c20141231$lBLL01$h1655
=CAT  \\$a10806$b40$c20150429$lBLL01$h1348
=CAT  \\$aBATCH-UPD$b40$c20151119$lBLL01$h1551
=CAT  \\$aIPL-CLA$c20151231$lBLL01$h1925
=CAT  \\$aBATCH-UPD$b00$c20160524$lBLL01$h1116
=CAT  \\$aBATCH-UPD$b00$c20160524$lBLL01$h2211
=CAT  \\$aBATCH-UPD$b00$c20161122$lBLL01$h1521
=CAT  \\$aIPL-CLA$c20161230$lBLL01$h2214
=CAT  \\$aBATCH-UPD$b00$c20171121$lBLL01$h1704
=CAT  \\$aW1711-1005$c20171206$lBLL01$h1820
=CAT  \\$aIPL-CLA$c20171231$lBLL01$h1705
=CAT  \\$aBATCH-UPD$b00$c20181217$lBLL01$h1652
=CAT  \\$aIPL-CLA$c20181231$lBLL01$h1545
=CAT  \\$aW1910-0530$c20191007$lBLL01$h1114
=CAT  \\$aR1911-1518$c20191206$lBLL01$h1419
=CAT  \\$aIPL-CLA$c20191231$lBLL01$h1945
=CAT  \\$aBATCH-UPD$b00$c20220308$lBLL01$h1735
=CAT  \\$aIPL-CLA$c20220331$lBLL01$h1952
=CAT  \\$a8055$b40$c20221116$lBLL01$h1052
=CAT  \\$a8055$b40$c20221116$lBLL01$h1057
=CAT  \\$aS2302-1302$c20230322$lBLL01$h1708
=CAT  \\$aS2302-1302$c20230323$lBLL01$h1443
=CAT  \\$aIPL-CLA$c20230331$lBLL01$h1547
=CAT  \\$aS2304-0519$c20230412$lBLL01$h1139
=CAT  \\$aBATCH-SUPP$c20230426$lBLL01$h1109
=CFI  0\$aCurrent Copyright Fee: GBP33.00$c29\0$e01-apr-2023$fGBP33.00$g0$hP$5Uk
=CFI  2\$aPrevious copyright fee: GBP22.00$c29\0$e01-apr-2022$fGBP22.00$g0$hP$5Uk
=EST  \\$a1
=FFP  \\$aY$bBLDSS-3PM
=FIN  \\$aY$d20070207
=FMT  \\$a  SE
=LAS  \\$aBATCH-SUPP$b00$c20230426$lBLL01$h1109
=LET  \0$aEpidemiologic reviews (Electronic)
=LKR  \\$aPAR$b007854225$lBLL01$r776$mEpidemiologic reviews (Online)$nEpidemiologic reviews (Print)
=MNI  \\$a0193-936X
=SID  \\$aZ39$bOCLC
=TCO  \\$aCLA$bCLA$c008
=TOC  \\$aETOC
=UNO  \\$aY

