=LDR  06410cas a2201405 a 4500
=001  013732163
=003  Uk
=005  20230426110907.0
=006  m\\\\\o\\d\\\\\\\\
=007  cr\cnu||||||||
=008  010822c19959999ncumr\pso\\\\\0\\\a0eng\c
=010  \\$a2001215563
=015  \\$aGBB575744$2bnb
=016  7\$a9508162$2DNLM
=016  7\$aSR0082525$2DNLM
=022  0\$a1536-4844$l1078-0998$y1078-0998$202
=030  \\$aIBDNBG
=035  \\$a(OCoLC)47827412$z(OCoLC)427782740
=037  \\$aISSN_10780998_74$bPortico$nLippincott Williams & Wilkins
=037  2\$aibd$bOxford University Press
=037  3\$aISSN_10780998_4$bPortico$nOxford University Press
=040  \\$aNSD$beng$cNSD$dOCLCQ$dLGG$dPFM$dOCLCQ$dPFM$dBUF$dOCLCQ$dBUF$dDLC$dUk
=042  \\$ansdp$aukblsr$aissnuk
=060  00$aW1$bIN41KX
=082  04$a616.344$223
=130  0\$aInflammatory bowel diseases (Online)
=210  0\$aInflamm. bowel dis.$b(Online)
=222  \0$aInflammatory bowel diseases$b(Online)
=245  10$aInflammatory bowel diseases.
=260  \\$31995-2002:$aNew York, NY :$bRaven Press
=260  2\$32003-2007:$aHagerstown, MD :$bLippincott Williams & Wilkins
=260  2\$32008-2012 :$a[Hoboken, NJ] :$bJohn Wiley & Sons, Inc.
=260  2\$32013- :$a[Hagerstown, MD] :$bLippincott Williams & Wilkins
=264  21$a[London] :$bWolters Kluwer
=264  31$32018-$aCary, NC :$bOxford University Press
=310  \\$aMonthly,$b2005-
=321  \\$aQuarterly,$b1995-2001
=321  \\$aBimonthly,$b2003-2004
=336  \\$atext$2rdacontent
=337  \\$acomputer$2rdamedia
=338  \\$aonline resource$2rdacarrier
=362  1\$aBegan with v. 1, issue 1 (spring 1995).
=525  \\$aHas occasional supplements.
=540  \\$aCurrent Copyright Fee: GBP32.00$c29\0$5Uk
=550  \\$aOfficial journal of the Crohn's & Colitis Foundation of America.
=588  \\$aDescription based on: v. 1, issue 1 (spring 1995); title from PDF articles (Wiley Web site, viewed Nov. 11, 2011).
=588  \\$aLatest issue consulted: volume 24, number 1 (January 2018) (Oxford Academic, viewed February 1, 2018).
=650  \0$aInflammatory bowel diseases$vPeriodicals.
=650  \2$aColitis, Ulcerative$vPeriodicals.
=650  \2$aCrohn Disease$vPeriodicals.
=650  \2$aInflammatory Bowel Diseases$vPeriodicals.
=710  2\$aCrohn's & Colitis Foundation of America,$eissuing body.
=776  08$iPrint version:$tInflammatory bowel diseases$x1078-0998
=852  41$aBritish Library$bHMNTS$jELD Digital store$3Volume 20:Issue 3(2014:Mar.)-
=852  41$aBritish Library$bDSC$j4478.845400$3Volume 13:Issue 4(2007)-Volume 28:Issue 10(2022)***See ESTAR for full holdings.
=856  \\$31850-9999$uhttp://journals.lww.com$xBLDSS
=856  40$uhttp://journals.lww.com/ibdjournal/pages/default.aspx
=856  40$uhttp://onlinelibrary.wiley.com/journal/10.1002/(ISSN)1536-4844/
=856  40$uhttp://ovidsp.ovid.com/ovidweb.cgi?T=JS&NEWS=n&CSC=Y&PAGE=toc&D=ovft&AN=00054725-000000000-00000
=856  40$uhttps://academic.oup.com/ibdjournal
=859  \\$aELD$bejournal
=859  \\$aXLD$bejournal$cSFX
=945  \\$aInflammatory bowel diseases
=959  \\$fCurrently available
=979  \\$aBritish Library$bDSC$j44780.845400
=985  \\$aCONFERENCE ANALYTIC RECORDS EXIST
=985  \\$aISSN responsibility transferred from U.S. to UK (13/02/18)
=ACF  \\$aPrevious Copyright Fee: GBP17.00$c35\0$e26-apr-2007$fGBP17.00$g0$hP$5Uk
=ACF  \\$aPrevious copyright fee: GBP22.00$c35\0$e01-jan-2011$fGBP22.00$g0$hP$5Uk
=ACF  \\$aPrevious copyright fee: GBP29.38$c20\0$e01-jan-2013$fGBP29.38$g0$hP$5Uk
=ACF  \\$aPrevious copyright fee: GBP30.32$c20\0$e01-jul-2013$fGBP30.32$g0$hP$5Uk
=ACF  \\$aPrevious copyright fee: GBP29.38$c20\0$e01-jan-2014$fGBP29.38$g0$hP$5Uk
=ACF  \\$aPrevious copyright fee: GBP28.48$c20\0$e01-jul-2014$fGBP28.48$g0$hP$5Uk
=ACF  \\$aPrevious copyright fee: GBP30.32$c20\0$e01-apr-2015$fGBP30.32$g0$hP$5Uk
=ACF  \\$aPrevious copyright fee: GBP31.33$c20\0$e01-jul-2015$fGBP31.33$g0$hP$5Uk
=ACF  \\$aPrevious copyright fee: GBP32.00$c20\0$e01-apr-2016$fGBP32.00$g0$hP$5Uk
=ACF  \\$aPrevious copyright fee: GBP30.32$c20\0$e01-oct-2015$fGBP30.32$g0$hP$5Uk
=ACF  \\$aPrevious copyright fee: GBP27.00$c29\0$e08-jan-2018$fGBP27.00$g0$hP$5Uk
=ACF  \\$aPrevious copyright fee: GBP28.00$c29\0$e01-jan-2019$fGBP28.00$g0$hP$5Uk
=ACF  \\$aPrevious Copyright Fee: GBP20.00$c29\0$e01-jan-2020$fGBP20.00$g0$hP$5Uk
=CAT  \\$a7174$b40$c20070426$lBLL01$h0850
=CAT  \\$aIPL-CLA$c20160331$lBLL01$h1739
=CAT  \\$aBATCH-UPD$b00$c20160517$lBLL01$h1153
=CAT  \\$aBATCH-UPD$b00$c20160524$lBLL01$h2157
=CAT  \\$a10983$b40$c20160617$lBLL01$h0905
=CAT  \\$aW1711-1005$c20171206$lBLL01$h1820
=CAT  \\$a10983$b40$c20171228$lBLL01$h1120
=CAT  \\$a10983$b40$c20171228$lBLL01$h1123
=CAT  \\$a5552$b40$c20180108$lBLL01$h1321
=CAT  \\$a10806$b40$c20180201$lBLL01$h1613
=CAT  \\$a10806$b40$c20180201$lBLL01$h1621
=CAT  \\$a10806$b40$c20180213$lBLL01$h1321
=CAT  \\$a10983$b40$c20180721$lBLL01$h0855
=CAT  \\$aBATCH-UPD$b40$c20181217$lBLL01$h1652
=CAT  \\$aIPL-CLA$c20181231$lBLL01$h1545
=CAT  \\$a15005$b40$c20191012$lBLL01$h0923
=CAT  \\$aR1911-1518$c20191206$lBLL01$h1419
=CAT  \\$aIPL-CLA$c20191231$lBLL01$h1945
=CAT  \\$aBATCH-UPD$b00$c20220308$lBLL01$h1735
=CAT  \\$aIPL-CLA$c20220331$lBLL01$h1952
=CAT  \\$a8055$b40$c20221116$lBLL01$h1407
=CAT  \\$aS2302-1302$c20230322$lBLL01$h1708
=CAT  \\$aS2302-1302$c20230323$lBLL01$h1443
=CAT  \\$aIPL-CLA$c20230331$lBLL01$h1547
=CAT  \\$aS2304-0519$c20230412$lBLL01$h1139
=CAT  \\$aBATCH-SUPP$c20230426$lBLL01$h1109
=CFI  0\$aCurrent Copyright Fee: GBP32.00$c29\0$e01-apr-2023$fGBP32.00$g0$hP$5Uk
=CFI  2\$aPrevious copyright fee: GBP22.00$c29\0$e01-apr-2022$fGBP22.00$g0$hP$5Uk
=EST  \\$a1
=FFP  \\$aY$bBLDSS-3PM
=FIN  \\$aY$d20130503
=FMT  \\$a  SE
=LAS  \\$aBATCH-SUPP$b00$c20230426$lBLL01$h1109
=LET  \0$aInflammatory bowel diseases (Electronic)
=LKR  \\$aPAR$b009850525$lBLL01$nInflammatory bowel diseases (Print)$mInflammatory bowel diseases (Online)$r776
=MNI  \\$a1078-0998
=SID  \\$aZ39$bOCLC
=TCO  \\$aTRS$bCCC$c008
=TOC  \\$aETOC
=UNO  \\$aY

