=LDR  04623cas a2201093 a 4500
=001  013760060
=003  Uk
=005  20230426110909.0
=006  m\\\\\\\\d\\\\\\\\
=007  cr\mnu||||||||
=008  080616c20089999enktr\pss\g\\\0\\\a0eng\d
=015  \\$aGBA968276$2bnb
=022  0\$a1754-9965$202
=035  \\$a(OCoLC)232121157
=037  \\$ajwelb$bOxford University Press
=037  3\$aISSN_17549957$bPortico$nOxford University Press
=040  \\$aUk$beng$cUk$dUk
=042  \\$aissnuk$aukblsr
=050  14$aK10$b.O8975
=082  04$a346.04679$222
=130  0\$aJournal of world energy law & business (Online)
=222  \0$aJournal of world energy law and business$b(Online)
=245  10$aJournal of world energy law & business$h[electronic resource].
=246  13$aWorld energy law & business
=260  \\$a[Oxford, UK] :$bpublished by Oxford University Press on behalf of Association of International Petroleum Negotiators,$c[2008]-
=310  \\$aThree times a year
=336  \\$atext$2rdacontent
=337  \\$acomputer$2rdamedia
=338  \\$aonline resource$2rdacarrier
=362  0\$aVol. 1, no. 1 (May 2008)-
=500  \\$aTitle from contents (viewed Jun. 16, 2008).
=538  \\$aMode of access: World Wide Web.
=540  \\$aCurrent Copyright Fee: GBP42.00$c29\0$5Uk
=588  \\$aLatest issue consulted: volume 7, number 1 (March 2014).
=650  \0$aEnergy industries$xLaw and legislation$vPeriodicals.
=650  \0$aEnergy industries$vPeriodicals.
=650  \0$aPower resources$vPeriodicals.
=710  2\$aAssociation of International Petroleum Negotiators.
=776  0\$tJournal of world energy law and business$x1754-9957
=776  08$iAlso issued in print as:$tJournal of world energy law & business$x1754-9957
=852  41$aBritish Library$bHMNTS$jELD Digital store$3Volume 7:Number 1(2014)-***Previous issues available in print copy
=852  41$aBritish Library$bDSC$j5072.670500$3Volume 1:Issue 1(2008)-Volume 4:Issue 4(2011)***See ESTAR for full holdings.
=856  \\$31850-9999$uhttp://ukcatalogue.oup.com/$xBLDSS
=856  40$uhttp://ejournals.ebsco.com/direct.asp?JournalID=715582
=856  40$uhttp://jwelb.oxfordjournals.org/
=859  \\$aELD$bejournal
=859  \\$aXLD$bejournal$cSFX
=945  \\$aJournal of world energy law and business
=959  \\$fCurrently available
=979  \\$aBritish Library$bDSC$j5072.670500
=ACF  \\$aPrevious copyright fee: GBP25.00$c29\0$e17-feb-2009$fGBP25.00$g0$hP$5Uk
=ACF  \\$aPrevious copyright fee: GBP35.00$c29\0$e01-jan-2015$fGBP35.00$g0$hP$5Uk
=ACF  \\$aPrevious copyright fee: GBP30.00$c29\0$e01-jan-2013$fGBP30.00$g0$hP$5Uk
=ACF  \\$aPrevious copyright fee: GBP41.00$c29\0$e11-jan-2019$fGBP41.00$g0$hP$5Uk
=ACF  \\$aPrevious Copyright Fee: GBP29.00$c29\0$e01-jan-2020$fGBP29.00$g0$hP$5Uk
=CAT  \\$a11439$b40$c20070604$lBLL01$h1602
=CAT  \\$aBATCH-UPD$b40$c20121212$lBLL01$h1938
=CAT  \\$aIPL-CLA$c20121231$lBLL01$h1323
=CAT  \\$aIPL-CLA$c20130102$lBLL01$h1753
=CAT  \\$a10983$b40$c20131204$lBLL01$h1335
=CAT  \\$a8124$b40$c20140204$lBLL01$h1103
=CAT  \\$a8124$b40$c20140204$lBLL01$h1116
=CAT  \\$aWR14_140$c20140905$lBLL01$h1815
=CAT  \\$a5552$b40$c20141029$lBLL01$h1147
=CAT  \\$aBLDSS-3PM$b00$c20141208$lBLL01$h1626
=CAT  \\$aIPL-CLA$c20141231$lBLL01$h1655
=CAT  \\$aBATCH-UPD$b00$c20160524$lBLL01$h2211
=CAT  \\$aBATCH-UPD$b00$c20160525$lBLL01$h0027
=CAT  \\$aW1711-1005$c20171206$lBLL01$h1820
=CAT  \\$a5552$b40$c20190111$lBLL01$h1234
=CAT  \\$aW1910-0530$c20191007$lBLL01$h1114
=CAT  \\$aR1911-1518$c20191206$lBLL01$h1405
=CAT  \\$aIPL-CLA$c20191231$lBLL01$h1945
=CAT  \\$aBATCH-UPD$b00$c20220308$lBLL01$h1728
=CAT  \\$aIPL-CLA$c20220331$lBLL01$h1952
=CAT  \\$a12654$b40$c20230223$lBLL01$h1338
=CAT  \\$aS2302-1302$c20230322$lBLL01$h1708
=CAT  \\$aS2302-1302$c20230323$lBLL01$h1443
=CAT  \\$aIPL-CLA$c20230331$lBLL01$h1547
=CAT  \\$aS2304-0519$c20230412$lBLL01$h1139
=CAT  \\$aBATCH-SUPP$c20230426$lBLL01$h1109
=CFI  0\$aCurrent Copyright Fee: GBP42.00$c29\0$e01-apr-2023$fGBP42.00$g0$hP$5Uk
=CFI  2\$aPrevious copyright fee: GBP32.00$c29\0$e01-apr-2022$fGBP32.00$g0$hP$5Uk
=EST  \\$a1
=FFP  \\$aY$bBLDSS-3PM
=FIN  \\$aY$d20080616
=FMT  \\$a  SE
=LAS  \\$aBATCH-SUPP$b00$c20230426$lBLL01$h1109
=LET  \0$aJournal of world energy law & business (Online)
=MNI  \\$a1754-9957
=SID  \\$aZ39$bOCLC
=TCO  \\$aCLA$bCLA$c008
=TOC  \\$aETOC
=UNO  \\$aY

