=LDR  04483cas a2201057 a 4500
=001  013760070
=003  Uk
=005  20230426110910.0
=006  m\\\\\\\\d\|\\\\\\
=007  cr||||||||||||
=008  070604c20089999enktr\p\s\\\\\0\\\a0eng\\
=015  \\$aGBA968331$2bnb
=022  0\$a1754-9981$202
=037  \\$aphe$bOxford University Press
=037  3\$aISSN_17549973$bPortico$nOxford University Press
=040  \\$aUk$beng$cUk$dUk
=042  \\$aissnuk$aukblsr
=082  04$a174.205$222
=130  0\$aPublic health ethics (Online)
=222  \0$aPublic health ethics$b(Online)
=245  10$aPublic health ethics$h[electronic resource].
=246  13$aPHE
=260  \\$aOxford :$bOxford University Press,$c2008-
=310  \\$aThree times yearly
=336  \\$atext$2rdacontent
=337  \\$acomputer$2rdamedia
=338  \\$aonline resource$2rdacarrier
=362  0\$aVol. 1, no. 1 (Apr. 2008)-
=500  \\$aTitle from contents screen (Oxford Journals, viewed on July 9, 2009).
=538  \\$aMode of access: World Wide Web.
=540  \\$aCurrent Copyright Fee: GBP33.00$c29\0$5Uk
=650  \0$aMedical policy$xMoral and ethical aspects$vPeriodicals.
=650  \0$aPublic health$xMoral and ethical aspects$vPeriodicals.
=776  0\$tPublic health ethics$x1754-9973
=852  41$aBritish Library$bHMNTS$jELD Digital store$3Volume 7:Number 1(2014:Apr.)-***Previous issues available in print copy
=852  41$aBritish Library$bDSC$j6964.115000$3Volume 1:Issue 2(2008)-Volume 4:Issue 3(2011)***See ESTAR for full holdings.
=856  \\$31850-9999$uhttp://ukcatalogue.oup.com/$xBLDSS
=856  40$uhttp://phe.oxfordjournals.org
=859  \\$aELD$bejournal
=859  \\$aXLD$bejournal$cSFX
=945  \\$aPublic Health Ethics
=959  \\$fCurrently available
=979  \\$aBritish Library$bDSC$j6964.115000
=985  \\$aCONFERENCE ANALYTIC &RECORDS EXIST
=ACF  \\$aPrevious copyright fee: GBP18.00$c29\0$e27-jan-2009$fGBP18.00$g0$hP$5Uk
=ACF  \\$aPrevious copyright fee: GBP14.00$c29\0$e01-jan-2010$fGBP14.00$g0$hP$5Uk
=ACF  \\$aPrevious copyright fee: GBP20.00$c29\0$e01-jan-2013$fGBP20.00$g0$hP$5Uk
=ACF  \\$aPrevious copyright fee: GBP23.00$c29\0$e01-jan-2015$fGBP23.00$g0$hP$5Uk
=ACF  \\$aPrevious copyright fee: GBP24.00$c29\0$e01-jan-2016$fGBP24.00$g0$hP$5Uk
=ACF  \\$aPrevious copyright fee: GBP26.00$c29\0$e01-jan-2017$fGBP26.00$g0$hP$5Uk
=ACF  \\$aPrevious copyright fee: GBP27.00$c29\0$e01-jan-2018$fGBP27.00$g0$hP$5Uk
=ACF  \\$aPrevious copyright fee: GBP28.00$c29\0$e01-jan-2019$fGBP28.00$g0$hP$5Uk
=ACF  \\$aPrevious Copyright Fee: GBP20.00$c29\0$e01-jan-2020$fGBP20.00$g0$hP$5Uk
=CAT  \\$a11439$b40$c20070604$lBLL01$h1607
=CAT  \\$aBATCH-UPD$b00$c20151119$lBLL01$h1551
=CAT  \\$aIPL-CLA$c20151231$lBLL01$h1925
=CAT  \\$aBATCH-UPD$b00$c20160524$lBLL01$h2211
=CAT  \\$aBATCH-UPD$b00$c20160525$lBLL01$h0027
=CAT  \\$aBATCH-UPD$b00$c20161122$lBLL01$h1521
=CAT  \\$aIPL-CLA$c20161230$lBLL01$h2217
=CAT  \\$aBATCH-UPD$b00$c20171121$lBLL01$h1704
=CAT  \\$aW1711-1005$c20171206$lBLL01$h1820
=CAT  \\$aIPL-CLA$c20171231$lBLL01$h1706
=CAT  \\$aBATCH-UPD$b00$c20181217$lBLL01$h1652
=CAT  \\$aIPL-CLA$c20181231$lBLL01$h1545
=CAT  \\$aW1910-0530$c20191007$lBLL01$h1114
=CAT  \\$aR1911-1518$c20191206$lBLL01$h1418
=CAT  \\$aIPL-CLA$c20191231$lBLL01$h1945
=CAT  \\$a5410$b40$c20200721$lBLL01$h2033
=CAT  \\$a5410$b40$c20200721$lBLL01$h2036
=CAT  \\$aBATCH-UPD$b40$c20220308$lBLL01$h1735
=CAT  \\$aIPL-CLA$c20220331$lBLL01$h1952
=CAT  \\$a5410$b40$c20221024$lBLL01$h1226
=CAT  \\$a12654$b40$c20230302$lBLL01$h1210
=CAT  \\$aS2302-1302$c20230322$lBLL01$h1708
=CAT  \\$aS2302-1302$c20230323$lBLL01$h1444
=CAT  \\$aIPL-CLA$c20230331$lBLL01$h1547
=CAT  \\$aS2304-0519$c20230412$lBLL01$h1139
=CAT  \\$aBATCH-SUPP$c20230426$lBLL01$h1109
=CFI  0\$aCurrent Copyright Fee: GBP33.00$c29\0$e01-apr-2023$fGBP33.00$g0$hP$5Uk
=CFI  2\$aPrevious copyright fee: GBP22.00$c29\0$e01-apr-2022$fGBP22.00$g0$hP$5Uk
=EST  \\$a1
=FFP  \\$aY$bBLDSS-3PM
=FIN  \\$aY$d20090305
=FMT  \\$a  SE
=LAS  \\$aBATCH-SUPP$b00$c20230426$lBLL01$h1109
=LKR  \\$aPAR$b013760071$lBLL01$nPublic health ethics (Print)$mPublic health ethics (Online)$r776
=MNI  \\$a1754-9973
=TCO  \\$aCLA$bCLA$c008
=TOC  \\$aETOC
=UNO  \\$aY

