=LDR  04612cas a2201069 a 4500
=001  013768499
=003  Uk
=005  20230426110910.0
=006  m\\\\\\\\d\|\\\\\\
=007  cr||||||||||||
=008  070613c20089999enkfr\p\s\\\\\0\\\a0eng\\
=015  \\$aGBA9B5260$2bnb
=022  0\$a1755-0645$l1755-0637$202
=037  \\$aadaptation$bOxford University Press
=037  3\$aISSN_17550637$bPortico$nOxford University Press
=040  \\$aUk$beng$cUk$dUk
=042  \\$aissnuk$aukblsr
=082  04$a791.4572$222
=130  0\$aAdaptation (Oxford, England : Online)
=222  \0$aAdaptation$b(Oxford. Online)
=245  10$aAdaptation$h[electronic resource] :$bthe journal of literature on screen studies.
=260  \\$aOxford :$bOxford University Press,$c2008-
=310  \\$aSemi-annual
=336  \\$atext$2rdacontent
=337  \\$acomputer$2rdamedia
=338  \\$aonline resource$2rdacarrier
=362  0\$aVol. 1, no. 1 (2008)-
=500  \\$aTitle from pdf file (Oxford University Press, viewed Dec. 1, 2009).
=516  \\$aPDF format.
=530  \\$aAlso issued in print.
=538  \\$aMode of access: Internet.
=540  \\$aCurrent Copyright Fee: GBP32.00$c29\0$5Uk
=588  \\$aLatest issue consulted: volume 6, issue 3 (Decemer 2013) (Oxford Journals, viewed January 15, 2014).
=650  \0$aEnglish literature$xFilm and video adaptations$vPeriodicals.
=776  1\$tAdaptation (Oxford, England : Print)$x1755-0637
=852  41$aBritish Library$bHMNTS$jELD Digital store$3Volume 7:Number 1(2014)-***Previous issues available in print copy
=852  \\$aBritish Library$bDSC$j0678.305300$3Volume 1:Issue 1(2008)-Volume 4:Issue 2(2011)***See ESTAR for full holdings.
=856  \\$31850-9999$uhttp://ukcatalogue.oup.com/$xBLDSS
=856  40$uhttp://adaptation.oxfordjournals.org/
=859  \\$aELD$bejournal
=859  \\$aXLD$bejournal$cSFX
=945  \\$aAdaptation
=959  \\$fCurrently available
=979  \\$aBritish Library$bDSC$j0678.305300
=ACF  \\$aPrevious copyright fee: GBP18.00$c29\0$e11-jul-2008$fGBP18.00$g0$hP$5Uk
=ACF  \\$aPrevious copyright fee: GBP14.00$c29\0$e01-jan-2010$fGBP14.00$g0$hP$5Uk
=ACF  \\$aPrevious copyright fee: GBP20.00$c29\0$e01-jan-2013$fGBP20.00$g0$hP$5Uk
=ACF  \\$aPrevious copyright fee: GBP23.00$c29\0$e01-jan-2015$fGBP23.00$g0$hP$5Uk
=ACF  \\$aPrevious copyright fee: GBP24.00$c29\0$e01-jan-2016$fGBP24.00$g0$hP$5Uk
=ACF  \\$aPrevious copyright fee: GBP26.00$c29\0$e01-jan-2017$fGBP26.00$g0$hP$5Uk
=ACF  \\$aPrevious copyright fee: GBP27.00$c29\0$e01-jan-2018$fGBP27.00$g0$hP$5Uk
=ACF  \\$aPrevious copyright fee: GBP28.00$c29\0$e01-jan-2019$fGBP28.00$g0$hP$5Uk
=ACF  \\$aPrevious Copyright Fee: GBP20.00$c29\0$e01-jan-2020$fGBP20.00$g0$hP$5Uk
=CAT  \\$a6537$b40$c20070613$lBLL01$h1135
=CAT  \\$aIPL-CLA$c20141231$lBLL01$h1655
=CAT  \\$aBATCH-UPD$b00$c20151119$lBLL01$h1551
=CAT  \\$aIPL-CLA$c20151231$lBLL01$h1925
=CAT  \\$aBATCH-UPD$b00$c20160524$lBLL01$h2211
=CAT  \\$aBATCH-UPD$b00$c20160525$lBLL01$h0027
=CAT  \\$aBATCH-UPD$b00$c20161122$lBLL01$h1521
=CAT  \\$aIPL-CLA$c20161230$lBLL01$h2217
=CAT  \\$aBATCH-UPD$b00$c20171121$lBLL01$h1704
=CAT  \\$aW1711-1005$c20171206$lBLL01$h1820
=CAT  \\$aIPL-CLA$c20171231$lBLL01$h1707
=CAT  \\$aBATCH-UPD$b00$c20181217$lBLL01$h1652
=CAT  \\$aIPL-CLA$c20181231$lBLL01$h1545
=CAT  \\$aW1910-0530$c20191007$lBLL01$h1114
=CAT  \\$aR1911-1518$c20191206$lBLL01$h1418
=CAT  \\$aIPL-CLA$c20191231$lBLL01$h1946
=CAT  \\$aBATCH-UPD$b00$c20220308$lBLL01$h1735
=CAT  \\$aIPL-CLA$c20220331$lBLL01$h1952
=CAT  \\$a5410$b40$c20221112$lBLL01$h1712
=CAT  \\$a12654$b40$c20221219$lBLL01$h1153
=CAT  \\$aS2302-1302$c20230322$lBLL01$h1707
=CAT  \\$aS2302-1302$c20230322$lBLL01$h1708
=CAT  \\$aS2302-1302$c20230323$lBLL01$h1443
=CAT  \\$aIPL-CLA$c20230331$lBLL01$h1547
=CAT  \\$aS2304-0519$c20230412$lBLL01$h1139
=CAT  \\$aBATCH-SUPP$c20230426$lBLL01$h1109
=CFI  0\$aCurrent Copyright Fee: GBP32.00$c29\0$e01-apr-2023$fGBP32.00$g0$hP$5Uk
=CFI  2\$aPrevious copyright fee: GBP22.00$c29\0$e01-apr-2022$fGBP22.00$g0$hP$5Uk
=EST  \\$a1
=FFP  \\$aY$bBLDSS-3PM
=FIN  \\$aY$d20081107
=FMT  \\$a  SE
=LAS  \\$aBATCH-SUPP$b00$c20230426$lBLL01$h1109
=LET  \0$aAdaptation (Online)
=LKR  \\$aPAR$b013768501$lBLL01$r776$mAdaptation (Oxford. Online)$nAdaptation (Oxford. Print)
=MNI  \\$a1755-0637
=TCO  \\$aCLA$bCLA$c008
=TOC  \\$aETOC
=UNO  \\$aY

