=LDR  05253cas a2201177 a 4500
=001  013796272
=003  Uk
=005  20230426110912.0
=006  m\\\\\o\\d\\\\\\\\
=007  cr\mnu||||||||
=008  020603c20009999enkbr\p\o\\\\\0\\\a0eng\c
=010  \\$a2007242264
=015  \\$aGBB412320$2bnb
=022  0\$a1477-4054$y1467-5463$202
=035  \\$a(OCoLC)49911835$z(OCoLC)51525905$z(OCoLC)53880935
=037  \\$abib$bOxford University Press
=037  3\$aISSN_14675463$bPortico$nOxford University Press
=040  \\$aF#A$beng$cF#A$dOCLCQ$dHUA$dFQM$dOCLCQ$dMUQ$dMYG$dUQ1$dOCLCQ$dUk
=042  \\$aissnuk$aukblsr
=050  \4$aQH441.2
=082  04$a572.80285$223
=130  0\$aBriefings in bioinformatics (Online)
=210  0\$aBrief. bioinform.$b(Online)
=222  \0$aBriefings in bioinformatics$b(Online)
=245  10$aBriefings in bioinformatics$h[electronic resource].
=260  \\$a[London] :$bHenry Stewart Publications,$c2000-
=260  3\$32006-$aOxford :$bOxford University Press
=310  \\$aBimonthly,$b<2007>-
=321  \\$aQuarterly
=336  \\$atext$2rdacontent
=337  \\$acomputer$2rdamedia
=338  \\$aonline resource$2rdacarrier
=362  0\$aVol. 1, no. 1 (Feb. 2000)-
=500  \\$aTitle from title screen (Oxford, viewed May 1, 2007).
=540  \\$aCurrent Copyright Fee: GBP32.00$c29\0$5Uk
=588  \\$aLatest issue consulted: volume 14, number 6 (November 2013); (Oxford Journals, viewed January 17, 2014).
=650  \0$aGenetics$xData processing$vPeriodicals.
=650  \0$aMolecular biology$xData processing$vPeriodicals.
=650  \0$aGenomes$xData processing$vPeriodicals.
=776  08$iAlso issued in print as:$tBriefings in bioinformatics$x1467-5463
=852  41$aBritish Library$bHMNTS$jELD Digital store$3Volume 15:Number 1(2014:Jan.)-***Previous issues available in print copy
=852  41$aBritish Library$bDSC$j2283.958363$3Volume 7:Issue 1(2006)-Volume 12:Issue 6(2011)***See ESTAR for full holdings.
=856  \\$31850-9999$uhttp://ukcatalogue.oup.com/$xBLDSS
=856  4\$uhttp://firstsearch.oclc.org$zAddress for accessing the journal using authorization number and password through OCLC FirstSearch Electronic Collections Online
=856  40$uhttp://bib.oxfordjournals.org
=856  40$uhttp://www.oxfordjournals.org/content?genre=journal&issn=1477-4054
=859  \\$aXLD$bejournal$cSFX
=859  \\$aELD$bejournal
=945  \\$aBriefings in bioinformatics
=959  \\$fCurrently available
=979  \\$aBritish Library$bDSC$j2283.958363
=ACF  \\$aPrevious Copyright Fee: GBP16.00$c29\0$e18-jul-2007$fGBP16.00$g0$hP$5Uk
=ACF  \\$aPrevious copyright fee: GBP18.00$c29\0$e01-jan-2008$fGBP18.00$g0$hP$5Uk
=ACF  \\$aPrevious copyright fee: GBP20.00$c29\0$e01-jan-2013$fGBP20.00$g0$hP$5Uk
=ACF  \\$aPrevious copyright fee: GBP23.00$c29\0$e01-jan-2015$fGBP23.00$g0$hP$5Uk
=ACF  \\$aPrevious copyright fee: GBP24.00$c29\0$e01-jan-2016$fGBP24.00$g0$hP$5Uk
=ACF  \\$aPrevious copyright fee: GBP26.00$c29\0$e01-jan-2017$fGBP26.00$g0$hP$5Uk
=ACF  \\$aPrevious copyright fee: GBP27.00$c29\0$e01-jan-2018$fGBP27.00$g0$hP$5Uk
=ACF  \\$aPrevious copyright fee: GBP28.00$c29\0$e01-jan-2019$fGBP28.00$g0$hP$5Uk
=ACF  \\$aPrevious Copyright Fee: GBP20.00$c29\0$e01-jan-2020$fGBP20.00$g0$hP$5Uk
=CAT  \\$a7174$b40$c20070718$lBLL01$h0918
=CAT  \\$aBLDSS-3PM$b00$c20141208$lBLL01$h1626
=CAT  \\$aIPL-CLA$c20141231$lBLL01$h1656
=CAT  \\$aBATCH-UPD$b00$c20151119$lBLL01$h1551
=CAT  \\$aIPL-CLA$c20151231$lBLL01$h1926
=CAT  \\$aBATCH-UPD$b00$c20160524$lBLL01$h2211
=CAT  \\$aBATCH-UPD$b00$c20160525$lBLL01$h0028
=CAT  \\$aBATCH-UPD$b00$c20161122$lBLL01$h1521
=CAT  \\$aIPL-CLA$c20161230$lBLL01$h2219
=CAT  \\$aBATCH-UPD$b00$c20171121$lBLL01$h1704
=CAT  \\$aW1711-1005$c20171206$lBLL01$h1820
=CAT  \\$aIPL-CLA$c20171231$lBLL01$h1708
=CAT  \\$aBATCH-UPD$b00$c20181217$lBLL01$h1652
=CAT  \\$aIPL-CLA$c20181231$lBLL01$h1545
=CAT  \\$aW1910-0530$c20191007$lBLL01$h1114
=CAT  \\$aR1911-1518$c20191206$lBLL01$h1419
=CAT  \\$aIPL-CLA$c20191231$lBLL01$h1946
=CAT  \\$aBATCH-UPD$b00$c20220308$lBLL01$h1735
=CAT  \\$aIPL-CLA$c20220331$lBLL01$h1952
=CAT  \\$a12654$b40$c20230116$lBLL01$h1253
=CAT  \\$aS2302-1302$c20230322$lBLL01$h1707
=CAT  \\$aS2302-1302$c20230322$lBLL01$h1708
=CAT  \\$aS2302-1302$c20230323$lBLL01$h1443
=CAT  \\$aIPL-CLA$c20230331$lBLL01$h1547
=CAT  \\$aS2304-0519$c20230412$lBLL01$h1139
=CAT  \\$aBATCH-SUPP$c20230426$lBLL01$h1109
=CFI  0\$aCurrent Copyright Fee: GBP32.00$c29\0$e01-apr-2023$fGBP32.00$g0$hP$5Uk
=CFI  2\$aPrevious copyright fee: GBP22.00$c29\0$e01-apr-2022$fGBP22.00$g0$hP$5Uk
=EST  \\$a1
=FFP  \\$aY$bBLDSS-3PM
=FIN  \\$aY$d20131001
=FMT  \\$a  SE
=LAS  \\$aBATCH-SUPP$b00$c20230426$lBLL01$h1109
=LEO  \\$aMP22.0000069163
=LKR  \\$aPAR$b011016370$lBLL01$r776$mBriefings in bioinformatics (Online)$nBriefings in bioinformatics (Print)
=MNI  \\$a1467-5463
=SID  \\$aZ39$bOCLC
=SRC  \\$aISN01$bbibmp22.200404.2.aa
=TCO  \\$aCLA$bCLA$c008
=TOC  \\$aETOC
=UNO  \\$aY

