=LDR  06507cas a2201357 a 4500
=001  013796417
=003  Uk
=005  20230426110913.0
=006  m\\\\\\\\d\\\\\\\\
=007  cr\|||||||||||
=008  750520c19689999enkbr\p\o\\\\f0\\\a0eng\c
=010  \\$a  2008268034
=015  \\$aGBB414876$2bnb
=022  0\$a1745-1701$y0586-7614$l0586-7614$202
=030  \\$aSCZBB3
=035  \\$a(OCoLC)60463961
=037  \\$a717-030-00000-1$bGPO
=037  2\$aschbul$bOxford University Press
=037  3\$aISSN_05867614$bPortico$nOxford University Press
=040  \\$aStGIU$cStGIU$dOCoLC$dUX1$dNBuU-H$dAU@$dCoU-M$dOCoLC$dNIALS$dOCoLC$dDLC$dUk
=042  \\$aissnuk$aukblsr
=050  00$aRC514$b.S336
=060  \4$aW1$bSC17E
=074  \\$a0507-B-07
=082  04$a616.898005$222
=086  0\$aHE 20.2414
=086  0\$aHE 20.8115
=130  0\$aSchizophrenia bulletin (Online)
=222  \0$aSchizophrenia bulletin$b(Online)
=245  10$aSchizophrenia bulletin$h[electronic resource] /$cNational Institute of Mental Health.
=260  \\$a[Rockville, Md.] :$bU.S. Dept. of Health, Education and Welfare, Public Health Service, Alcohol, Drug Abuse and Mental Health Administration ;$aWashington, D.C. :$b[Supt. of Docs., U.S. G.P.O., distributor]
=264  21$aOxford :$bOxford University Press on behalf of the Maryland Psychiatric Research Center
=264  31$aCary, NC :$bOxford University Press
=310  \\$aBimonthly,$b2007-
=321  \\$aFrequency varies,$b1968-2006
=336  \\$atext$2rdacontent
=337  \\$acomputer$2rdamedia
=338  \\$aonline resource$2rdacarrier
=362  1\$aBegan with Dec. 1968 issue.
=515  \\$aIssues for 1969-75 called no. 1-14 but constitute v. 1.
=515  \\$aIssues for Dec. 1969- called [1st]- Experimental issue.
=540  \\$aCurrent Copyright Fee: GBP42.00$c29\0$5Uk
=550  \\$aVols. for 1969- prepared by: the Center for Studies of Schizophrenia, National Institute of Mental Health; <1996- > by: U.S. Dept. of Health and Human Services, Public Health Service, National Institutes of Health, National Institute of Mental Health; <2002- > by: Office of Communications and Public Liaison, National Institute of Mental Health (NIMH), National Institutes of Health.
=550  \\$aVols. for 1969-197 prepared jointly with: National Clearinghouse for Mental Health Information.
=555  \\$a1969-1979. 1 v.
=588  \\$aDescription based on print version record.
=588  \\$aLatest issue consulted: volume 40, number 1 (January 2014) (Oxford Journals, viewed February 5, 2014).
=650  \0$aSchizophrenia$vPeriodicals.
=650  \0$aSchizophrenia$xResearch$vPeriodicals.
=710  2\$aMaryland Psychiatric Research Center.
=710  2\$aNational Institute of Mental Health (U.S.).$bOffice of Communications and Public Liaison.
=710  2\$aNational Institute of Mental Health (U.S.)
=710  2\$aCenter for Studies of Schizophrenia (U.S.)
=710  2\$aNational Clearinghouse for Mental Health Information (U.S.)
=710  1\$aUnited States.$bAlcohol, Drug Abuse, and Mental Health Administration.
=776  08$iAlso issued in print as:$tSchizophrenia bulletin$x0586-7614
=787  0\$tSchizophrenia bulletin open$x2632-7899
=852  41$aBritish Library$bHMNTS$jELD Digital store$3Volume 40:Number 1(2014:Jan.)-
=852  41$aBritish Library$bDSC$j8089.400000$3Volume 31:Issue 1(2005)-Volume 48:Issue 6(2022)***See ESTAR for full holdings.
=856  \\$31850-9999$uhttp://ukcatalogue.oup.com/$xBLDSS
=856  40$uhttp://schizophreniabulletin.oxfordjournals.org
=856  40$uhttp://schizophreniabulletin.oxfordjournals.org/archive
=859  \\$aELD$bejournal
=859  \\$aXLD$bejournal$cSFX
=945  \\$aSchizophrenia bulletin
=959  \\$fCurrently available
=979  \\$aBritish Library$bDSC$j8089.400000
=985  \\$aCONFERENCE ANALYTIC RECORDS EXIST
=ACF  \\$aPrevious Copyright Fee: GBP16.00$c29\0$e18-jul-2007$fGBP16.00$g0$hP$5Uk
=ACF  \\$aPrevious copyright fee: GBP18.00$c29\0$e01-jan-2008$fGBP18.00$g0$hP$5Uk
=ACF  \\$aPrevious copyright fee: GBP20.00$c29\0$e01-jan-2013$fGBP20.00$g0$hP$5Uk
=ACF  \\$aPrevious copyright fee: GBP23.00$c29\0$e01-jan-2015$fGBP23.00$g0$hP$5Uk
=ACF  \\$aPrevious copyright fee: GBP24.00$c29\0$e01-jan-2016$fGBP24.00$g0$hP$5Uk
=ACF  \\$aPrevious copyright fee: GBP26.00$c29\0$e01-jan-2017$fGBP26.00$g0$hP$5Uk
=ACF  \\$aPrevious copyright fee: GBP27.00$c29\0$e01-jan-2018$fGBP27.00$g0$hP$5Uk
=ACF  \\$aPrevious copyright fee: GBP28.00$c29\0$e01-jan-2019$fGBP28.00$g0$hP$5Uk
=ACF  \\$aPrevious Copyright Fee: GBP29.00$c29\0$e01-jan-2020$fGBP29.00$g0$hP$5Uk
=CAT  \\$a7174$b40$c20070718$lBLL01$h1111
=CAT  \\$aBATCH-UPD$b00$c20151119$lBLL01$h1551
=CAT  \\$aIPL-CLA$c20151231$lBLL01$h1926
=CAT  \\$aBATCH-UPD$b00$c20160524$lBLL01$h2211
=CAT  \\$aBATCH-UPD$b00$c20160525$lBLL01$h0028
=CAT  \\$aBATCH-UPD$b00$c20161122$lBLL01$h1521
=CAT  \\$aIPL-CLA$c20161230$lBLL01$h2219
=CAT  \\$aBATCH-UPD$b00$c20171121$lBLL01$h1704
=CAT  \\$aW1711-1005$c20171206$lBLL01$h1820
=CAT  \\$aIPL-CLA$c20171231$lBLL01$h1708
=CAT  \\$aBATCH-UPD$b00$c20181217$lBLL01$h1652
=CAT  \\$aIPL-CLA$c20181231$lBLL01$h1545
=CAT  \\$a15005$b40$c20191014$lBLL01$h1119
=CAT  \\$a15005$b40$c20191014$lBLL01$h1120
=CAT  \\$aR1911-1518$c20191206$lBLL01$h1406
=CAT  \\$aIPL-CLA$c20191231$lBLL01$h1946
=CAT  \\$a8483$b40$c20201008$lBLL01$h0958
=CAT  \\$aBATCH-UPD$b40$c20220308$lBLL01$h1728
=CAT  \\$aIPL-CLA$c20220331$lBLL01$h1952
=CAT  \\$a12654$b40$c20221118$lBLL01$h1142
=CAT  \\$a12654$b40$c20221118$lBLL01$h1144
=CAT  \\$aS2302-1302$c20230322$lBLL01$h1708
=CAT  \\$aS2302-1302$c20230323$lBLL01$h1444
=CAT  \\$aIPL-CLA$c20230331$lBLL01$h1547
=CAT  \\$aS2304-0519$c20230412$lBLL01$h1139
=CAT  \\$aBATCH-SUPP$c20230426$lBLL01$h1109
=CFI  0\$aCurrent Copyright Fee: GBP42.00$c29\0$e01-apr-2023$fGBP42.00$g0$hP$5Uk
=CFI  2\$aPrevious copyright fee: GBP32.00$c29\0$e01-apr-2022$fGBP32.00$g0$hP$5Uk
=EST  \\$a1
=FFP  \\$aY$bBLDSS-3PM
=FIN  \\$aY$d20061125
=FMT  \\$a  SE
=LAS  \\$aBATCH-SUPP$b00$c20230426$lBLL01$h1109
=LKR  \\$aPAR$b009866674$lBLL01$r776$mSchizophrenia bulletin (Online)$nSchizophrenia bulletin (Print)
=MNI  \\$a0586-7614
=SRC  \\$aBLL02
=TCO  \\$aCLA$bCLA$c008
=TOC  \\$aETOC
=UNO  \\$aY

