=LDR  05417cas a2201273 a 4500
=001  015294237
=003  Uk
=005  20230426110958.0
=006  m\\\\\\\\d\\\\\\\\
=007  cr\un|||||||||
=008  050616c19699999enkqr\p\o\\\\\0\\\a0eng\d
=010  \\$a2008233382
=015  \\$aGBA9C2190$2bnb
=022  0\$a1460-2474$y0036-9543$202
=035  \\$a(OCoLC)60652638$z(OCoLC)44881197$z(OCoLC)60463968$z(OCoLC)229928117
=037  \\$ascreen$bOxford University Press
=037  3\$aISSN_00369543$bPortico$nOxford University Press
=040  \\$aOCLCS$beng$cOCLCS$dQCL$dOCLCQ$dGUA$dMUQ$dAUD$dZ5A$dUk
=042  \\$aukblsr$aissnuk
=050  00$aPN1993$b.S2372
=082  04$a791.4$222
=130  0\$aScreen (London, England : Online)
=210  0\$aScreen$b(Lond., Online)
=222  \0$aScreen$b(London. Online)
=245  10$aScreen$h[electronic resource].
=260  \\$aLondon :$bSociety for Education in Film and Television
=260  3\$31990-$aOxford :$bOxford University Press
=310  \\$aQuarterly,$b1987-
=321  \\$aBimonthly,$b1969-1986
=336  \\$atext$2rdacontent
=337  \\$acomputer$2rdamedia
=338  \\$aonline resource$2rdacarrier
=362  0\$aVol. 10, no. 1 (Jan./Feb. 1969)-
=500  \\$aTitle from pdf file (Oxford Journals, viewed Dec. 8, 2009).
=500  \\$aLatest issue consulted: volume 54, number 4 (winter 2013) (viewed February 5, 2014).
=540  \\$aCurrent Copyright Fee: GBP42.00$c29\0$5Uk
=550  \\$aJournal of the Society for Education in Film and Television.
=580  \\$aPrint version continues: Screen education.
=650  \0$aMotion pictures$vPeriodicals.
=650  \0$aMotion pictures and television$vPeriodicals.
=650  \0$aFilm criticism$vPeriodicals.
=650  \0$aIdentity (Philosophical concept)$vPeriodicals.
=650  \0$aCritical theory$vPeriodicals.
=650  \0$aPoststructuralism$vPeriodicals.
=710  2\$aSociety for Education in Film and Television.
=776  08$iAlso issued in print as:$tScreen (London, England)$x0036-9543
=780  15$tScreen education (1974)
=852  41$aBritish Library$bHMNTS$jELD Digital store$3Volume 55:Number 1(2014:Spring)-***Previous issues available in print copy
=852  41$aBritish Library$bDSC$j8211.754800$3Volume 50:Issue 1(2009)-Volume 62:Issue 3(2021)***See ESTAR for full holdings.
=856  \\$31850-9999$uhttp://ukcatalogue.oup.com/$xBLDSS
=856  40$uhttp://screen.oupjournals.org
=856  40$uhttp://screen.oxfordjournals.org
=856  40$uhttp://www-us.ebsco.com/online/direct.asp?JournalID=103912
=859  \\$aELD$bejournal
=859  \\$aXLD$bejournal$cSFX
=945  \\$aScreen -London-
=959  \\$fCurrently available
=979  \\$aBritish Library$bDSC$j8211.754800
=985  \\$aCONFERENCE ANALYTIC RECORDS EXIST
=ACF  \\$aPrevious copyright fee: GBP14.00$c29\0$e18-jun-2009$fGBP14.00$g0$hP$5Uk
=ACF  \\$aPrevious copyright fee: GBP20.00$c29\0$e01-jan-2013$fGBP20.00$g0$hP$5Uk
=ACF  \\$aPrevious copyright fee: GBP23.00$c29\0$e01-jan-2015$fGBP23.00$g0$hP$5Uk
=ACF  \\$aPrevious copyright fee: GBP24.00$c29\0$e01-jan-2016$fGBP24.00$g0$hP$5Uk
=ACF  \\$aPrevious copyright fee: GBP26.00$c29\0$e01-jan-2017$fGBP26.00$g0$hP$5Uk
=ACF  \\$aPrevious copyright fee: GBP27.00$c29\0$e01-jan-2018$fGBP27.00$g0$hP$5Uk
=ACF  \\$aPrevious copyright fee: GBP28.00$c29\0$e01-jan-2019$fGBP28.00$g0$hP$5Uk
=ACF  \\$aPrevious Copyright Fee: GBP29.00$c29\0$e01-jan-2020$fGBP29.00$g0$hP$5Uk
=CAT  \\$a6811$b40$c20090618$lBLL01$h1440
=CAT  \\$aBATCH-UPD$b40$c20141124$lBLL01$h1811
=CAT  \\$aBLDSS-3PM$b00$c20141208$lBLL01$h1627
=CAT  \\$aIPL-CLA$c20141231$lBLL01$h1700
=CAT  \\$aBATCH-UPD$b00$c20151119$lBLL01$h1552
=CAT  \\$aIPL-CLA$c20151231$lBLL01$h1930
=CAT  \\$aBATCH-UPD$b00$c20160524$lBLL01$h2213
=CAT  \\$aBATCH-UPD$b00$c20160525$lBLL01$h0041
=CAT  \\$aBATCH-UPD$b00$c20161122$lBLL01$h1521
=CAT  \\$aIPL-CLA$c20161230$lBLL01$h2332
=CAT  \\$aBATCH-UPD$b00$c20171121$lBLL01$h1704
=CAT  \\$aW1711-1005$c20171206$lBLL01$h1822
=CAT  \\$aIPL-CLA$c20171231$lBLL01$h1753
=CAT  \\$aBATCH-UPD$b00$c20181217$lBLL01$h1652
=CAT  \\$aIPL-CLA$c20181231$lBLL01$h1549
=CAT  \\$aW1910-0530$c20191007$lBLL01$h1114
=CAT  \\$aR1911-1518$c20191206$lBLL01$h1406
=CAT  \\$aIPL-CLA$c20191231$lBLL01$h2018
=CAT  \\$aBATCH-UPD$b00$c20220308$lBLL01$h1728
=CAT  \\$aIPL-CLA$c20220331$lBLL01$h1952
=CAT  \\$a12654$b40$c20221213$lBLL01$h0909
=CAT  \\$aS2302-1302$c20230322$lBLL01$h1708
=CAT  \\$aS2302-1302$c20230323$lBLL01$h1444
=CAT  \\$aIPL-CLA$c20230331$lBLL01$h1547
=CAT  \\$aS2304-0519$c20230412$lBLL01$h1140
=CAT  \\$aBATCH-SUPP$c20230426$lBLL01$h1109
=CFI  0\$aCurrent Copyright Fee: GBP42.00$c29\0$e01-apr-2023$fGBP42.00$g0$hP$5Uk
=CFI  2\$aPrevious copyright fee: GBP32.00$c29\0$e01-apr-2022$fGBP32.00$g0$hP$5Uk
=EST  \\$a1
=FFP  \\$aY$bBLDSS-3PM
=FIN  \\$aY$d20091208
=FMT  \\$a  SE
=LAS  \\$aBATCH-SUPP$b00$c20230426$lBLL01$h1109
=LEO  \\$aMP22.0000056217
=LET  \0$aScreen (Online)
=LKR  \\$aPAR$b009870550$lBLL01$r776$mScreen (Online)$nScreen (Print)
=MNI  \\$a0036-9543
=SID  \\$aZ39$bOCLC
=SRC  \\$aISN01$bbibmp22.200404.2.aa
=TCO  \\$aCLA$bCLA$c008
=TOC  \\$aETOC
=UNO  \\$aY

