=LDR  04984cas a2201081 a 4500
=001  015435229
=003  Uk
=005  20230426111004.0
=006  m\\\\\\\\d\|\\\\\\
=007  cr||||||||||||
=008  091203c20109999enkbr\p\o\\\\\0\\\a0eng\\
=015  \\$aGBB0B2849$2bnb
=022  0\$a2042-7174$202
=037  \\$aISSN_09617671$bPortico$nWiley
=037  3\$aISSN_09617671_4$bPortico$nOxford University Press
=040  \\$aUk$beng$cUk$dUk
=042  \\$aissnuk$aukblsr
=082  04$a615.1$222
=130  0\$aInternational journal of pharmacy practice (Online)
=222  \0$aInternational journal of pharmacy practice$b(Online)
=245  10$aInternational journal of pharmacy practice$h[electronic resource].
=246  13$aIJPP
=260  \\$aOxford :$bWiley-Blackwell
=264  31$32021-$aOxford :$bOxford University Press
=310  \\$aBimonthly
=336  \\$atext$2rdacontent
=337  \\$acomputer$2rdamedia
=338  \\$aonline resource$2rdacarrier
=362  1\$aPrint began with Vol. 1, no. 1 (Mar. 1991).
=500  \\$aDescription based on: Vol. 11, issue 1 (Mar. 2003); title from journal home page (Wiley Online Library, viewed Sept. 21, 2010).
=540  \\$aCurrent Copyright Fee: GBP42.00$c29\0$5Uk
=550  \\$a"An official journal of the Royal Pharmaceutical Society of Great Britain."
=588  \\$aLatest issue consulted: volume 29, issue 1 (February 2021) (Oxford Academic, viewed March 15, 2021).
=650  \0$aPharmacy$xPractice$vPeriodicals.
=710  2\$aRoyal Pharmaceutical Society of Great Britain.
=776  08$iAlso issued in print as:$tInternational journal of pharmacy practice$x0961-7671
=852  41$aBritish Library$bSTI$jELD Digital store$3Volume 21:Number 1(2013:Feb.)-***Previous issues available in print copy
=852  41$aBritish Library$bDSC$j4542.454300$3Volume 18:Issue 1(2010)-Volume 28:Issue 6(2020)***See ESTAR for full holdings.
=856  \\$31850-9999$uhttp://onlinelibrary.wiley.com/$xBLDSS
=856  40$uhttps://academic.oup.com/ijpp/issue
=856  40$3Vol. 1 (1991)-vol. 28 (2020)$uhttp://onlinelibrary.wiley.com/journal/10.1111/(ISSN)2042-7174
=859  \\$aXLD$bejournal$cSFX
=859  \\$aELD$bejournal
=945  \\$aInternational journal of pharmacy practice
=959  \\$fCurrently available
=979  \\$aBritish Library$bDSC$j4542.454300N
=985  \\$aCONFERENCE ANALYTIC & RECORDS EXIST
=985  \\$aPlease note: there is already a print version (Aleph no. 007742866). Please add 77X fields on completion of online version. ISSN UK Centre, 3.12.09.
=ACF  \\$aPrevious Copyright Fee: GBP17.00$c35\0$e25-aug-2010$fGBP17.00$g0$hP$5Uk
=ACF  \\$aPrevious copyright fee: GBP22.00$c35\0$e01-jan-2011$fGBP22.00$g0$hP$5Uk
=ACF  \\$aPrevious copyright fee: GBP24.00$c35\0$e01-mar-2015$fGBP24.00$g0$hP$5Uk
=ACF  \\$aPrevious Copyright Fee: GBP32.00$c35\0$e01-jan-2020$fGBP32.00$g0$hP$5Uk
=ACF  \\$aPrevious copyright fee: GBP28.00$c35\0$e01-jan-2019$fGBP28.00$g0$hP$5Uk
=ACF  \\$aPrevious Copyright Fee: GBP29.00$c29\0$e01-jan-2021$fGBP29.00$g0$hP$5Uk
=CAT  \\$a11315$b40$c20091203$lBLL01$h1006
=CAT  \\$a8342$b40$c20140922$lBLL01$h1129
=CAT  \\$aBLDSS-3PM$b00$c20141214$lBLL01$h1526
=CAT  \\$aBATCH-UPD$b00$c20150215$lBLL01$h1703
=CAT  \\$aIPL-CLA$c20150228$lBLL01$h2055
=CAT  \\$aBATCH-UPD$b00$c20160518$lBLL01$h0907
=CAT  \\$aW1711-1005$c20171206$lBLL01$h1822
=CAT  \\$aBATCH-UPD$b00$c20180219$lBLL01$h1754
=CAT  \\$aBATCH-UPD$b00$c20181121$lBLL01$h1625
=CAT  \\$aIPL-CLA$c20181231$lBLL01$h1549
=CAT  \\$aR1911-0245$c20191127$lBLL01$h0823
=CAT  \\$aR1911-0245$c20191127$lBLL01$h1045
=CAT  \\$aIPL-CLA$c20191231$lBLL01$h2021
=CAT  \\$a12654$b40$c20210202$lBLL01$h0839
=CAT  \\$a5552$b40$c20210215$lBLL01$h1330
=CAT  \\$a8323$b40$c20210315$lBLL01$h0839
=CAT  \\$a10983$b40$c20210904$lBLL01$h1350
=CAT  \\$a5410$b40$c20210908$lBLL01$h0932
=CAT  \\$aBATCH-UPD$b40$c20220308$lBLL01$h1728
=CAT  \\$aIPL-CLA$c20220331$lBLL01$h1952
=CAT  \\$a12654$b40$c20230221$lBLL01$h0817
=CAT  \\$aS2302-1302$c20230322$lBLL01$h1708
=CAT  \\$aS2302-1302$c20230323$lBLL01$h1443
=CAT  \\$aIPL-CLA$c20230331$lBLL01$h1547
=CAT  \\$aS2304-0519$c20230412$lBLL01$h1140
=CAT  \\$aBATCH-SUPP$c20230426$lBLL01$h1110
=CFI  0\$aCurrent Copyright Fee: GBP42.00$c29\0$e01-apr-2023$fGBP42.00$g0$hP$5Uk
=CFI  2\$aPrevious copyright fee: GBP32.00$c29\0$e01-apr-2022$fGBP32.00$g0$hP$5Uk
=EST  \\$a1
=FFP  \\$aY$bBLDSS-3PM
=FIN  \\$aY$d20100921
=FMT  \\$a  SE
=LAS  \\$aBATCH-SUPP$b00$c20230426$lBLL01$h1110
=LET  \0$aInternational journal of pharmacy practice (Online)
=LKR  \\$aPAR$b015435229$lBLL01$r776$mInternational journal of pharmacy practice (Online)$nInternational journal of pharmacy practice
=MNI  \\$a0961-7671
=TCO  \\$aCLA$bCLA$c008
=TOC  \\$aETOC
=UNO  \\$aY

