=LDR  05280cas a2201249 a 4500
=001  015517571
=003  Uk
=005  20230426111010.0
=006  m\\\\\\\\d\\\\\\\\
=007  cr\un|||||||||
=008  080407c19569999enkar\\ss\\\\\0\\\a0eng\d
=015  \\$aGBB407643$2bnb
=022  0\$a1758-437X$202
=035  \\$a(OCoLC)220951988$z(OCoLC)605144156
=037  \\$albaeck$bOxford University Press
=037  3\$aISSN_00758744$bPortico$nOxford University Press
=040  \\$aOCLCS$beng$cOCLCS$dOCLCS$dOCLCE$dGUA$dOCLCQ$dUk
=041  0\$aeng$ager
=042  \\$aissnuk$aukblsr
=043  \\$ae-gx---
=050  \4$aDS135.G3$bA262
=082  04$a305.8924043$222
=130  0\$aYear book (Leo Baeck Institute : Online)
=222  \0$aYear book$b(Leo Baeck Institute. Online)
=245  10$aYear book$h[electronic resource].
=246  3\$aYearbook
=246  3\$aLeo Baeck Institute year book
=260  \\$aLondon ;$aNew York :$bSecker & Warburg for the Leo Baeck Institute
=260  3\$a[Oxford] :$bOxford University Press
=310  \\$aAnnual
=336  \\$atext$2rdacontent
=337  \\$acomputer$2rdamedia
=338  \\$aonline resource$2rdacarrier
=362  1\$aBegan with vol. 1, no. 1 (Jan. 1956).
=500  \\$aPublications of the Leo Baeck Institute.
=500  \\$aPublished by: Berghahn Books, <2001->.
=500  \\$aDescription based on print version record.
=530  \\$aAlso issued in print.
=538  \\$aMode of access: World Wide Web.
=540  \\$aCurrent Copyright Fee: GBP42.00$c29\0$5Uk
=546  \\$aEnglish and German.
=555  \\$a1 (1956)-20 (1975). 1 v.; 21 (1976)-39 (1994). l v.
=588  \\$aLatest issue consulted: LVIII (2013) (Oxford Journals website, viewed January 20, 2013).
=650  \0$aJews$zGermany$vPeriodicals.
=650  \0$aJudaism$zGermany$xHistory$vPeriodicals.
=651  \0$aGermany$xEthnic relations$vPeriodicals.
=690  7\$aSocial Welfare$2blcoll
=710  2\$aLeo Baeck Institute.
=776  1\$tYear book (Leo Baeck Institute)$x0075-8744
=852  41$aBritish Library$bDSC$j9388.990000$3Volume 54: Issue 1(2009)-Volume 56:Issue 1 (2011)***See ESTAR for full holdings.
=852  41$aBritish Library$bHMNTS$jELD Digital store$3Volume 59:Issue 1(2014)-***Previous issues available in print copy
=856  \\$31850-9999$uhttp://ukcatalogue.oup.com/$xBLDSS
=856  4\$uhttp://www.ingentaconnect.com/content/berghahn/lbiy$zLink no longer valid as of 2009
=856  40$uhttp://leobaeck.oxfordjournals.org/archive/
=859  \\$aELD$bejournal
=859  \\$aXLD$bejournal$cSFX
=945  \\$aYearbook- Leo Baeck Institute
=959  \\$fCurrently available
=979  \\$aBritish Library$bDSC$j9388.990000
=ACF  \\$aPrevious copyright fee: GBP18.00$c29\0$e01-jan-2009$fGBP18.00$g0$hP$5Uk
=ACF  \\$aPrevious copyright fee: GBP14.00$c29\0$e24-mar-2010$fGBP14.00$g0$hP$5Uk
=ACF  \\$aPrevious copyright fee: GBP20.00$c29\0$e01-jan-2013$fGBP20.00$g0$hP$5Uk
=ACF  \\$aPrevious copyright fee: GBP23.00$c29\0$e01-jan-2015$fGBP23.00$g0$hP$5Uk
=ACF  \\$aPrevious copyright fee: GBP24.00$c29\0$e01-jan-2016$fGBP24.00$g0$hP$5Uk
=ACF  \\$aPrevious copyright fee: GBP26.00$c29\0$e01-jan-2017$fGBP26.00$g0$hP$5Uk
=ACF  \\$aPrevious copyright fee: GBP27.00$c29\0$e01-jan-2018$fGBP27.00$g0$hP$5Uk
=ACF  \\$aPrevious copyright fee: GBP28.00$c29\0$e01-jan-2019$fGBP28.00$g0$hP$5Uk
=ACF  \\$aPrevious Copyright Fee: GBP29.00$c29\0$e01-jan-2020$fGBP29.00$g0$hP$5Uk
=CAT  \\$a8464$b40$c20100324$lBLL01$h1145
=CAT  \\$aBATCH-UPD$b40$c20141124$lBLL01$h1812
=CAT  \\$aBLDSS-3PM$b00$c20141208$lBLL01$h1627
=CAT  \\$aIPL-CLA$c20141231$lBLL01$h1701
=CAT  \\$aBATCH-UPD$b00$c20151119$lBLL01$h1552
=CAT  \\$aIPL-CLA$c20151231$lBLL01$h1932
=CAT  \\$aBATCH-UPD$b00$c20160524$lBLL01$h2213
=CAT  \\$aBATCH-UPD$b00$c20160525$lBLL01$h0046
=CAT  \\$aBATCH-UPD$b00$c20161122$lBLL01$h1522
=CAT  \\$aIPL-CLA$c20161230$lBLL01$h2341
=CAT  \\$aBATCH-UPD$b00$c20171121$lBLL01$h1705
=CAT  \\$aW1711-1005$c20171206$lBLL01$h1822
=CAT  \\$aIPL-CLA$c20171231$lBLL01$h1759
=CAT  \\$aBATCH-UPD$b00$c20181217$lBLL01$h1652
=CAT  \\$aIPL-CLA$c20181231$lBLL01$h1550
=CAT  \\$aW1910-0530$c20191007$lBLL01$h1114
=CAT  \\$aR1911-1518$c20191206$lBLL01$h1406
=CAT  \\$aIPL-CLA$c20191231$lBLL01$h2022
=CAT  \\$aBATCH-UPD$b00$c20220308$lBLL01$h1728
=CAT  \\$aIPL-CLA$c20220331$lBLL01$h1952
=CAT  \\$a12654$b40$c20230223$lBLL01$h1430
=CAT  \\$aS2302-1302$c20230322$lBLL01$h1708
=CAT  \\$aS2302-1302$c20230323$lBLL01$h1443
=CAT  \\$aIPL-CLA$c20230331$lBLL01$h1547
=CAT  \\$aS2304-0519$c20230412$lBLL01$h1140
=CAT  \\$aBATCH-SUPP$c20230426$lBLL01$h1110
=CFI  0\$aCurrent Copyright Fee: GBP42.00$c29\0$e01-apr-2023$fGBP42.00$g0$hP$5Uk
=CFI  2\$aPrevious copyright fee: GBP32.00$c29\0$e01-apr-2022$fGBP32.00$g0$hP$5Uk
=EST  \\$a1
=FFP  \\$aY$bBLDSS-3PM
=FIN  \\$aY$d20100721
=FMT  \\$a  SE
=LAS  \\$aBATCH-SUPP$b00$c20230426$lBLL01$h1110
=LET  \0$aYear book (Leo Baeck Institute). Online
=MNI  \\$a0075-8744
=SID  \\$aZ39$bOCLC
=TCO  \\$aCLA$bCLA$c008
=TOC  \\$aETOC
=UNO  \\$aY

