=LDR  05240cas a2201213 a 4500
=001  015563698
=003  Uk
=005  20230426111013.0
=006  m\\\\\\\\d\\\\\\\\
=007  cr\cnu||||||||
=008  990202c19999999vaumr\p\s\\\\\0\\\a0eng\c
=010  \\$asn 99003288
=015  \\$aGBB409941$2bnb
=022  0\$a1523-5866$l1522-8517$21$y1522-8517
=037  3\$aISSN_15228517_4$bPortico$nOxford University Press
=040  \\$aNSD$cNSD$dDLC$dOCLCQ$dOCL$dMXC$dMYG$dSYB$dLGG$dMYG$dOCLCQ$dDLC$dUk
=042  \\$aukblsr
=050  14$aRC280.B7$bN473
=082  04$a616.99481$223
=130  0\$aNeuro-oncology (Online)
=210  0\$aNeuro-oncology$b(Online)
=222  \0$aNeuro-oncology$b(Online)
=245  10$aNeuro-oncology$h[electronic resource].
=260  \\$aCharlottesville, VA :$bCarden Jennings Pub.,$c[1999]-
=260  2\$3<Feb. 2003-Dec. 2009>:$aDurham, NC :$bDuke University Press
=260  3\$3<Jan. 2010->:$aOxford, UK :$bOxford University Press
=310  \\$aMonthly,$b2010-
=321  \\$aSix issues a year,$b2008-2009
=321  \\$aQuarterly,$b1999-2007
=336  \\$atext$2rdacontent
=337  \\$acomputer$2rdamedia
=338  \\$aonline resource$2rdacarrier
=362  1\$aBegan with: Vol. 1, issue 1 (Jan. 1999).
=500  \\$aDescription based on: Vol. 1, issue 1 (Jan. 1999); title from journal homepage (Oxford Journals website, viewed Feb. 25, 2010).
=500  \\$aLatest issue consulted: volume 16, issue 2 (February 2014) (viewed January 27, 2014).
=540  \\$aCurrent Copyright Fee: GBP42.00$c29\0$5Uk
=550  \\$aOfficial journal of the Society for Neuro-Oncology.
=650  \2$aBrain Neoplasms$vPeriodicals.
=650  \0$aBrain$xTumors$vPeriodicals.
=650  \0$aBrain$xCancer$vPeriodicals.
=650  \0$aNervous system$xCancer$vPeriodicals.
=710  2\$aSociety for Neuro-Oncology.
=776  08$iPrint version:$tNeuro-oncology$x1522-8517
=852  41$aBritish Library$bHMNTS$jELD Digital store$3Volume 16:Issue 2(2014:Feb.)-***Previous issues available in print copy
=852  41$aBritish Library$bDSC$j6081.288000$3Volume 13:Issue 1(2011)-Volume 13:Issue 12(2011)***See ESTAR for full holdings.
=856  \\$31850-9999$uhttp://ukcatalogue.oup.com/$xBLDSS
=856  40$uhttp://neuro-oncology.dukejournals.org/
=856  40$uhttp://neuro-oncology.oxfordjournals.org/
=856  40$uhttp://www.oxfordjournals.org/content?genre=journal&issn=1522-8517
=859  \\$aELD$bejournal
=859  \\$aXLD$bejournal$cSFX
=945  \\$aNeuro oncology
=959  \\$fCurrently available
=979  \\$aBritish Library$bDSC$j6081.288000
=985  \\$aCONFERENCE ANALYTIC RECORDS EXIST
=ACF  \\$aPrevious copyright fee: GBP18.00$c29\0$e26-may-2010$fGBP18.00$g0$hP$5Uk
=ACF  \\$aPrevious copyright fee: GBP20.00$c29\0$e01-jan-2013$fGBP20.00$g0$hP$5Uk
=ACF  \\$aPrevious copyright fee: GBP23.00$c29\0$e01-jan-2015$fGBP23.00$g0$hP$5Uk
=ACF  \\$aPrevious copyright fee: GBP24.00$c29\0$e01-jan-2016$fGBP24.00$g0$hP$5Uk
=ACF  \\$aPrevious copyright fee: GBP26.00$c29\0$e01-jan-2017$fGBP26.00$g0$hP$5Uk
=ACF  \\$aPrevious copyright fee: GBP27.00$c29\0$e01-jan-2018$fGBP27.00$g0$hP$5Uk
=ACF  \\$aPrevious copyright fee: GBP28.00$c29\0$e01-jan-2019$fGBP28.00$g0$hP$5Uk
=ACF  \\$aPrevious Copyright Fee: GBP29.00$c29\0$e01-jan-2020$fGBP29.00$g0$hP$5Uk
=CAT  \\$a11033$b40$c20100526$lBLL01$h1125
=CAT  \\$aIPL-CLA$c20141231$lBLL01$h1701
=CAT  \\$aBATCH-UPD$b00$c20151119$lBLL01$h1552
=CAT  \\$aIPL-CLA$c20151231$lBLL01$h1932
=CAT  \\$aBATCH-UPD$b00$c20160522$lBLL01$h2351
=CAT  \\$aBATCH-UPD$b00$c20160524$lBLL01$h2214
=CAT  \\$aBATCH-UPD$b00$c20161122$lBLL01$h1522
=CAT  \\$aIPL-CLA$c20161230$lBLL01$h2343
=CAT  \\$aBATCH-UPD$b00$c20171121$lBLL01$h1705
=CAT  \\$aW1711-1005$c20171206$lBLL01$h1822
=CAT  \\$aIPL-CLA$c20171231$lBLL01$h1801
=CAT  \\$aBATCH-UPD$b00$c20181217$lBLL01$h1652
=CAT  \\$aIPL-CLA$c20181231$lBLL01$h1550
=CAT  \\$aW1910-0530$c20191007$lBLL01$h1114
=CAT  \\$aR1911-1518$c20191206$lBLL01$h1405
=CAT  \\$aIPL-CLA$c20191231$lBLL01$h2023
=CAT  \\$a5410$b40$c20200906$lBLL01$h2005
=CAT  \\$aBATCH-UPD$b40$c20220308$lBLL01$h1728
=CAT  \\$aIPL-CLA$c20220331$lBLL01$h1952
=CAT  \\$a5410$b40$c20221028$lBLL01$h1132
=CAT  \\$a12654$b40$c20230228$lBLL01$h1148
=CAT  \\$aS2302-1302$c20230322$lBLL01$h1708
=CAT  \\$aS2302-1302$c20230323$lBLL01$h1444
=CAT  \\$aIPL-CLA$c20230331$lBLL01$h1547
=CAT  \\$aS2304-0519$c20230412$lBLL01$h1140
=CAT  \\$aBATCH-SUPP$c20230426$lBLL01$h1110
=CFI  0\$aCurrent Copyright Fee: GBP42.00$c29\0$e01-apr-2023$fGBP42.00$g0$hP$5Uk
=CFI  2\$aPrevious copyright fee: GBP32.00$c29\0$e01-apr-2022$fGBP32.00$g0$hP$5Uk
=EST  \\$a1
=FFP  \\$aY$bBLDSS-3PM
=FIN  \\$aY$d20100713
=FMT  \\$a  SE
=LAS  \\$aBATCH-SUPP$b00$c20230426$lBLL01$h1110
=LET  \0$aNeuro-oncology (Online)
=LKR  \\$aPAR$b012420027$lBLL01$r776$mNeuro-oncology (Online)$nNeuro-oncology (Print)
=MNI  \\$a1522-8517
=SID  \\$aZ39$bOCLC
=TCO  \\$aTRS$bCCC$c008
=TCO  \\$aCLA$bCLA$c008
=TOC  \\$aETOC
=UNO  \\$aY

