=LDR  05324cas a2201213 a 4500
=001  015633632
=003  Uk
=005  20230426111017.0
=006  m\\\\\\\\u\\\\\\\\
=007  cr||||||||||||
=008  010123c19499999enkmr\pss\\\\\0\\\a0eng\d
=010  \\$a2006238454
=015  \\$aGBB349161$2bnb
=016  7\$a0376363$2DNLM
=016  7\$aJ34620000$2DNLM
=022  0\$a2042-7158
=030  \\$aJPPMAB
=037  \\$aISSN_00223573$bPortico$nWiley
=037  3\$aISSN_00223573_4$bPortico$nOxford University Press
=040  \\$aIWA$beng$cIWA$dOCLCQ$dIUL$dMUQ$dSNK$dCUS$dOCLCE$dUk
=042  \\$aukblsr
=050  \4$aRS1$b.J68
=060  00$aW1$bJO831
=082  04$a615.1$222
=130  0\$aJournal of pharmacy and pharmacology (Online)
=222  \0$aJournal of pharmacy and pharmacology$b(Online)
=245  10$aJournal of pharmacy and pharmacology$h[electronic resource].
=246  30$aPharmacy and pharmacology
=246  13$aJPP
=260  \\$aLondon :$bPharmaceutical Society of Great Britain,$c[1949]-
=260  2\$a[Chichester] :$bWiley
=264  31$a[Oxford?] :$bOxford University Press on behalf of the Royal Pharmaceutical Society
=310  \\$aMonthly
=336  \\$atext$2rdacontent
=337  \\$acomputer$2rdamedia
=338  \\$aonline resource$2rdacarrier
=362  1\$aPrint began in 1949.
=500  \\$aDescription based on: Vol. 51, no. 1 (Jan. 1999); title from publication home page (Pharmaceutical Press, viewed June 14, 2006).
=500  \\$aLatest issue consulted: Vol. 73, issue 11 (November 2021) (Oxford Academic, viewed November 10, 2021).
=538  \\$aMode of access: World Wide Web.
=540  \\$aCurrent Copyright Fee: GBP42.00$c29\0$5Uk
=650  \0$aPharmacy$vPeriodicals.
=650  \0$aPharmacology$vPeriodicals.
=710  2\$aPharmaceutical Society of Great Britain.
=710  2\$aRoyal Pharmaceutical Society of Great Britain.
=776  08$iAlso issued in print as:$tJournal of pharmacy and pharmacology$x0022-3573
=780  05$tPharmacy and pharmacology communications (Online)$x2047-9948
=852  41$aBritish Library$bSTI$jELD Digital store$3Volume 65:Number 1(2013:Jan.)-***Previous issues available in print copy
=852  41$aBritish Library$bDSC$j5034.000000$3Volume 51:Issue 1(1999)-Volume 66:Issue 12(2014)***See ESTAR for full holdings.
=856  \\$31850-9999$uhttp://onlinelibrary.wiley.com/$xBLDSS
=856  4\$uhttp://www.ingentaconnect.com/content/rpsgb/jpp$zLink no longer valid
=856  40$uhttps://academic.oup.com/jpp
=856  40$uhttp://onlinelibrary.wiley.com/journal/10.1111/(ISSN)2042-7158
=859  \\$aELD$bejournal
=859  \\$aXLD$bejournal$cSFX
=945  \\$aJournal of pharmacy and pharmacology
=959  \\$fCurrently available
=985  \\$aISSN responsibility transferred to U.S. ISSN Center from ISSN UK Centre, Wiley, Multinational Publisher List, Summer 2017.
=985  \\$aWaiting for print copy before requesting transfer from U.S. Center to UK Centre (Richard, 15/11/21)
=ACF  \\$aPrevious copyright fee: GBP17.00$c35\0$e24-aug-2010$fGBP17.00$g0$hP$5Uk
=ACF  \\$aPrevious copyright fee: GBP22.00$c35\0$e01-jan-2011$fGBP22.00$g0$hP$5Uk
=ACF  \\$aPrevious copyright fee: GBP24.00$c35\0$e01-mar-2015$fGBP24.00$g0$hP$5Uk
=ACF  \\$aPrevious Copyright Fee: GBP39.00$c35\0$e01-jan-2020$fGBP39.00$g0$hP$5Uk
=ACF  \\$aPrevious copyright fee: GBP28.00$c35\0$e01-jan-2019$fGBP28.00$g0$hP$5Uk
=ACF  \\$aPrevious Copyright Fee: GBP29.00$c29\0$e15-feb-2021$fGBP29.00$g0$hP$5Uk
=CAT  \\$a8464$b40$c20100824$lBLL01$h1051
=CAT  \\$aBLDSS-3PM$b00$c20141214$lBLL01$h1526
=CAT  \\$aBATCH-UPD$b00$c20150215$lBLL01$h1704
=CAT  \\$aIPL-CLA$c20150228$lBLL01$h2056
=CAT  \\$aCDS15-UPD$b40$c20150918$lBLL01$h1640
=CAT  \\$aBATCH-UPD$b40$c20160530$lBLL01$h0006
=CAT  \\$a11205$b40$c20170724$lBLL01$h1433
=CAT  \\$aW1711-1005$c20171206$lBLL01$h1822
=CAT  \\$aBATCH-UPD$b00$c20180219$lBLL01$h1754
=CAT  \\$aBATCH-UPD$b00$c20181121$lBLL01$h1625
=CAT  \\$aIPL-CLA$c20181231$lBLL01$h1550
=CAT  \\$aR1911-0245$c20191127$lBLL01$h0945
=CAT  \\$aR1911-0245$c20191127$lBLL01$h1045
=CAT  \\$aIPL-CLA$c20191231$lBLL01$h2024
=CAT  \\$a5552$b40$c20210215$lBLL01$h1354
=CAT  \\$a10983$b40$c20210828$lBLL01$h1108
=CAT  \\$a8483$b40$c20211110$lBLL01$h1410
=CAT  \\$a10806$b40$c20211115$lBLL01$h1308
=CAT  \\$aBATCH-UPD$b40$c20220308$lBLL01$h1728
=CAT  \\$aIPL-CLA$c20220331$lBLL01$h1952
=CAT  \\$a12654$b40$c20230223$lBLL01$h0913
=CAT  \\$aS2302-1302$c20230322$lBLL01$h1708
=CAT  \\$aS2302-1302$c20230323$lBLL01$h1443
=CAT  \\$aIPL-CLA$c20230331$lBLL01$h1547
=CAT  \\$aS2304-0519$c20230412$lBLL01$h1140
=CAT  \\$aBATCH-SUPP$c20230426$lBLL01$h1110
=CFI  0\$aCurrent Copyright Fee: GBP42.00$c29\0$e01-apr-2023$fGBP42.00$g0$hP$5Uk
=CFI  2\$aPrevious copyright fee: GBP32.00$c29\0$e01-apr-2022$fGBP32.00$g0$hP$5Uk
=EST  \\$a1
=FFP  \\$aY$bBLDSS-3PM
=FIN  \\$aY$d20100923
=FMT  \\$a  SE
=LAS  \\$aBATCH-SUPP$b00$c20230426$lBLL01$h1110
=LET  \0$aJournal of pharmacy and pharmacology (Electronic)
=MNI  \\$a0022-3573
=SID  \\$aZ39$bOCLC
=TCO  \\$aCLA$bCLA$c008
=TOC  \\$aETOC
=UNO  \\$aY

