=LDR  04339cas a2201057 a 4500
=001  015651398
=003  Uk
=005  20230426111018.0
=006  m\\\\\\\\d\|\\\\\\
=007  cr||||||||||||
=008  100916c20129999enkbr\p\s\\\\\0\\\a0eng\\
=015  \\$aGBB2C1917$2bnb
=022  0\$a2045-4538$202
=037  \\$aISSN_2045452X$bPortico$nRoyal Society of Chemistry
=037  3\$aISSN_20454538_4$bPortico$nOxford University Press
=040  \\$aUk$beng$cUk$dUk
=042  \\$aissnuk$aukblsr
=082  04$a615.9005$223
=130  0\$aToxicology research (Online)
=210  0\$aToxicol. res.
=222  \0$aToxicology research
=245  10$aToxicology research$h[electronic resource].
=260  \\$aCambridge :$bRoyal Society of Chemistry,$c2012-
=264  31$32020-$aOxford :$bOxford University Press
=310  \\$aBimonthly
=336  \\$atext$2rdacontent
=337  \\$acomputer$2rdamedia
=338  \\$aonline resource$2rdacarrier
=362  0\$aVol. 1, no. 1 (July 2012)-
=500  \\$aTitle from journal home page (Publisher's Web site, viewed Dec. 4, 2012).
=538  \\$aMode of access: World Wide Web.
=540  \\$aCurrent copyright fee: GBP32.00$c29\0$5Uk
=550  \\$aPublished in partnership with the British Toxicology Society and Chinese Society of Toxicology.
=588  \\$aLatest issue consulted: volume 9,issue 3 (June 2020) (academic.oup.com/, viewed July 16, 2020).
=650  \0$aToxicology$vPeriodicals.
=710  2\$aRoyal Society of Chemistry (Great Britain)
=710  2\$aBritish Toxicology Society.
=710  2\$aZhongguo du li xue hui.
=776  08$iPrint version:$tToxicology research$x2045-452X
=852  41$aBritish Library$bDSC$j8873.042900$3Volume 1:Issue 1(2012)-Volume 8:Issue 6(2019)***See ESTAR for full holdings.
=852  41$aBritish Library$bSTI$jELD Digital store$3Volume 3:Issue 1(2014:Jan.)-***Previous issues available in print copy
=856  \\$31850-9999$uhttp://www.rsc.org/$xBLDSS
=856  40$uhttp://pubs.rsc.org/en/journals/journalissues/tx
=856  40$uhttps://academic.oup.com/toxres/issue
=859  \\$aELD$bejournal
=859  \\$aXLD$bejournal$cSFX
=945  \\$aToxicology research
=959  \\$fCurrently available
=979  \\$aBritish Library$bDSC$j8873.042900
=985  \\$aISSN description based on: journal homepage, viewed 21/05/12
=ACF  \\$aPrevious copyright fee: zero$c6\1$e12-nov-2012$fGBP0.00$g0$hP$5Uk
=ACF  \\$aPrevious copyright fee: GBP46.75$c6\1$e24-jul-2019$fGBP46.75$g0$hP$5Uk
=CAT  \\$a11315$b40$c20100916$lBLL01$h1529
=CAT  \\$a12654$b40$c20140217$lBLL01$h1353
=CAT  \\$aWR14_140$c20140905$lBLL01$h1824
=CAT  \\$a11316$b40$c20140925$lBLL01$h0838
=CAT  \\$a11316$b40$c20140925$lBLL01$h0841
=CAT  \\$a8411$b40$c20141020$lBLL01$h1414
=CAT  \\$a11317$b40$c20141209$lBLL01$h1034
=CAT  \\$aBLDSS-3PM$b00$c20150111$lBLL01$h1524
=CAT  \\$aBATCH-UPD$b00$c20160620$lBLL01$h0222
=CAT  \\$aW1711-1005$c20171206$lBLL01$h1822
=CAT  \\$a12654$b40$c20190724$lBLL01$h1420
=CAT  \\$a15005$b40$c20191029$lBLL01$h1036
=CAT  \\$a12654$b40$c20191118$lBLL01$h0840
=CAT  \\$a5552$b40$c20191120$lBLL01$h1349
=CAT  \\$aIPL-CLA$c20191231$lBLL01$h2024
=CAT  \\$a8124$b40$c20200716$lBLL01$h0924
=CAT  \\$a5410$b40$c20201022$lBLL01$h1516
=CAT  \\$a5410$b40$c20201026$lBLL01$h1149
=CAT  \\$a8055$b40$c20201104$lBLL01$h1317
=CAT  \\$a5410$b40$c20201111$lBLL01$h1321
=CAT  \\$a14586$b40$c20210506$lBLL01$h1133
=CAT  \\$aBATCH-UPD$b40$c20220308$lBLL01$h1728
=CAT  \\$aIPL-CLA$c20220331$lBLL01$h1952
=CAT  \\$a12654$b40$c20230307$lBLL01$h1129
=CAT  \\$aS2302-1302$c20230322$lBLL01$h1708
=CAT  \\$aBATCH-SUPP$c20230426$lBLL01$h1110
=CFI  0\$aCurrent copyright fee: GBP32.00$c29\0$e01-apr-2022$fGBP32.00$g0$hP$5Uk
=CFI  2\$aPrevious copyright fee: GBP29.00$c29\0$e01-jan-2020$fGBP29.00$g0$hP$5Uk
=EST  \\$a1
=FFP  \\$aY$bBLDSS-3PM
=FIN  \\$aY$d20120521
=FMT  \\$a  SE
=LAS  \\$aBATCH-SUPP$b00$c20230426$lBLL01$h1110
=LET  \0$aToxicology research (Electronic)
=LKR  \\$aPAR$b015651396$lBLL01$nToxicology research (Print)$mToxicology research (Online)$r776
=MNI  \\$a2045-452X
=TCO  \\$aCLA$bCLA$c008
=TOC  \\$aETOC
=UNO  \\$aY

