=LDR  05266cas a2201201 a 4500
=001  015737624
=003  Uk
=005  20230426111021.0
=006  m\\\\\\\\d\\\\\\\\
=007  cr\cn|||||||||
=008  000306c19929999enksr\p\o\\\\\0\\\a0eng\c
=010  \\$a   00238364 
=015  \\$aGBB411425$2bnb
=022  0\$a1537-6591$y1058-4838$l1058-4838
=035  \\$a(OCoLC)43573821
=037  \\$acid$bOxford University Press
=037  3\$aISSN_10584838_4$bPortico$nOxford University Press
=040  \\$aIaAS$cIaAS$dInU$dNSDP$dOCoLC$dMiU$dOCoLC$dUk
=042  \\$aukblsr$ansdp
=050  14$aRC110
=082  04$a616.905$222
=130  0\$aClinical infectious diseases (Online)
=210  0\$aClin. infec. dis. (Online, Univ. Chic., Press)
=222  \0$aClinical infectious diseases (Online. University of Chicago. Press)
=245  10$aClinical infectious diseases$h[electronic resource].
=246  13$aCID
=260  \\$aChicago, IL :$bUniversity of Chicago Press,$c1992-
=260  3\$aCary, NC ;$a[Oxford] :$bOxford University Press
=310  \\$aSemimonthly,$b2001-
=321  \\$aMonthly,$b1992-2000
=336  \\$atext$2rdacontent
=337  \\$acomputer$2rdamedia
=338  \\$aonline resource$2rdacarrier
=362  0\$aVol. 14, no. 1 (Jan. 1992)-
=500  \\$aTitle from cover (JSTOR, viewed July 11, 2008).
=525  \\$aSome issues have supplements.
=530  \\$aAlso issued in microformats by UMI.
=540  \\$aCurrent Copyright Fee: GBP32.00$c29\0$5Uk
=550  \\$aAn official publication of: Infectious Diseases Society of America; HIV Medicine Association, <15 Mar. 2011>-
=580  \\$aIncludes issues of earlier title: Reviews of infectious diseases.
=588  \\$aLatest issue consulted: volume 58, number 3 (1 February 2014) (Oxford Journals, viewed January 29, 2014).
=650  \0$aCommunicable diseases$vPeriodicals.
=710  2\$aInfectious Diseases Society of America.
=710  2\$aHIV Medicine Association.
=776  08$iAlso issued in print :$tClinical infectious diseases$x1058-4838
=780  10$tReviews of infectious diseases (Online)
=852  41$aBritish Library$bDSC$j3286.293860$3Volume 32:Issue 3(2001)-Volume 61:Issue 12(2015)***See ESTAR for full holdings.
=852  41$aBritish Library$bHMNTS$jELD Digital store$3Volume 57:Number 4(2013)-***Previous issues available in print copy
=856  \\$31850-9999$uhttp://ukcatalogue.oup.com/$xBLDSS
=856  4\$3Vol. 29, no. 5 (Nov. 1999)-$uhttp://www.journals.uchicago.edu/CID/journal
=856  4\$uhttp://www.jstor.org/journals/10584838.html$zIssues to 2005 only
=856  40$uhttp://cid.oxfordjournals.org
=859  \\$aELD$bejournal
=859  \\$aXLD$bejournal$cSFX
=945  \\$aClinical Infectious Diseases -Chicago-
=959  \\$fCurrently available
=979  \\$aBritish Library$bDSC$j3286.293860
=ACF  \\$aPrevious copyright fee: GBP23.00$c29\0$e24-jan-2011$fGBP23.00$g0$hP$5Uk
=ACF  \\$aPrevious copyright fee: GBP20.00$c29\0$e01-jan-2013$fGBP20.00$g0$hP$5Uk
=ACF  \\$aPrevious copyright fee: GBP23.00$c29\0$e01-jan-2015$fGBP23.00$g0$hP$5Uk
=ACF  \\$aPrevious copyright fee: GBP24.00$c29\0$e01-jan-2016$fGBP24.00$g0$hP$5Uk
=ACF  \\$aPrevious copyright fee: GBP26.00$c29\0$e01-jan-2017$fGBP26.00$g0$hP$5Uk
=ACF  \\$aPrevious copyright fee: GBP27.00$c29\0$e01-jan-2018$fGBP27.00$g0$hP$5Uk
=ACF  \\$aPrevious copyright fee: GBP28.00$c29\0$e01-jan-2019$fGBP28.00$g0$hP$5Uk
=ACF  \\$aPrevious Copyright Fee: GBP20.00$c29\0$e01-jan-2020$fGBP20.00$g0$hP$5Uk
=CAT  \\$a12654$b40$c20110124$lBLL01$h1429
=CAT  \\$aBLDSS-3PM$b00$c20141208$lBLL01$h1627
=CAT  \\$aIPL-CLA$c20141231$lBLL01$h1701
=CAT  \\$aBATCH-UPD$b00$c20151119$lBLL01$h1552
=CAT  \\$aIPL-CLA$c20151231$lBLL01$h1933
=CAT  \\$aBATCH-UPD$b00$c20160524$lBLL01$h2214
=CAT  \\$aBATCH-UPD$b00$c20160525$lBLL01$h0051
=CAT  \\$aBATCH-UPD$b00$c20161122$lBLL01$h1522
=CAT  \\$aIPL-CLA$c20161230$lBLL01$h2350
=CAT  \\$aBATCH-UPD$b00$c20171121$lBLL01$h1705
=CAT  \\$aW1711-1005$c20171206$lBLL01$h1823
=CAT  \\$aIPL-CLA$c20171231$lBLL01$h1805
=CAT  \\$aBATCH-UPD$b00$c20181217$lBLL01$h1652
=CAT  \\$aIPL-CLA$c20181231$lBLL01$h1550
=CAT  \\$aW1910-0530$c20191007$lBLL01$h1114
=CAT  \\$aR1911-1518$c20191206$lBLL01$h1419
=CAT  \\$aIPL-CLA$c20191231$lBLL01$h2026
=CAT  \\$aBATCH-UPD$b00$c20220308$lBLL01$h1735
=CAT  \\$aIPL-CLA$c20220331$lBLL01$h1952
=CAT  \\$a12654$b40$c20221213$lBLL01$h1247
=CAT  \\$aS2302-1302$c20230322$lBLL01$h1707
=CAT  \\$aS2302-1302$c20230322$lBLL01$h1708
=CAT  \\$aS2302-1302$c20230323$lBLL01$h1443
=CAT  \\$aIPL-CLA$c20230331$lBLL01$h1547
=CAT  \\$aS2304-0519$c20230412$lBLL01$h1140
=CAT  \\$aBATCH-SUPP$c20230426$lBLL01$h1110
=CFI  0\$aCurrent Copyright Fee: GBP32.00$c29\0$e01-apr-2023$fGBP32.00$g0$hP$5Uk
=CFI  2\$aPrevious copyright fee: GBP22.00$c29\0$e01-apr-2022$fGBP22.00$g0$hP$5Uk
=EST  \\$a1
=FFP  \\$aY$bBLDSS-3PM
=FIN  \\$aY$d20110309
=FMT  \\$a  SE
=LAS  \\$aBATCH-SUPP$b00$c20230426$lBLL01$h1110
=MNI  \\$a1058-4838
=SRC  \\$aBLL02
=TCO  \\$aCLA$bCLA$c008
=TOC  \\$aETOC
=UNO  \\$aY

