=LDR  05651cas a2201237 a 4500
=001  015737947
=003  Uk
=005  20230426111021.0
=006  m\\\\\\\\d\\\\\\\\
=007  cr\cn|||||||||
=008  961023c19649999enkqr\pso\\\\\0\\\a0eng\c
=010  \\$asn 97023007
=015  \\$aGBB414860$2bnb
=022  0\$a1945-2314
=035  \\$a(OCoLC)35782298$z(OCoLC)39081290$z(OCoLC)47855626
=037  \\$ajahist$bOxford University Press
=037  3\$aISSN_00218723$bPortico$nOxford University Press
=040  \\$aGZM$cGZM$dEYM$dOCL$dEYM$dIUL$dOCL$dOCLCQ$dMUQ$dUQ1$dNSD$dCIT$dOCLCQ$dUk
=042  \\$aukblsr
=043  \\$an-us---
=050  \4$aE171$b.J87
=082  00$a973$222
=130  0\$aJournal of American history (Bloomington, Ind. : Online)
=210  0\$aJ. Am. hist.$b(Bloomingt. Ind. Online)
=222  \4$aThe Journal of American history$b(Bloomington, Ind. Online)
=245  14$aThe journal of American history$h[electronic resource].
=260  \\$aBloomington, Ind. :$bMississippi Valley Historical Association,$cc1964-
=260  2\$aBloomington, Ind. :$bOrganization of American Historians
=264  31$a[Oxford] :$bpublished by Oxford University Press on behalf of the Organization of American Historians
=310  \\$aQuarterly
=336  \\$atext$2rdacontent
=337  \\$acomputer$2rdamedia
=338  \\$aonline resource$2rdacarrier
=362  0\$aVol. 51, no. 1 (June 1964)-
=500  \\$aPublished 1964-Mar. 1965 by the Mississippi Valley Historical Association; June 1965- by the Organization of American Historians.
=500  \\$aPlace of publication varies.
=500  \\$aDescription based on JSTOR World Wide Web homepage; title from title screen.
=530  \\$aAlso issued in print.
=538  \\$aMode of access: World Wide Web.
=540  \\$aCurrent Copyright Fee: GBP42.00$c29\0$5Uk
=580  \\$aIncludes issues of earlier title: Mississippi Valley historical review (Online).
=588  \\$aLatest issue consulted: volume 105, issue 3 (December 2018) (Oxford Academic, viewed February 20, 2019).
=651  \0$aUnited States$xHistory$vPeriodicals.
=710  2\$aMississippi Valley Historical Association.
=710  2\$aOrganization of American Historians.
=776  1\$tJournal of American history (Bloomington, Ind.)$x0021-8723
=780  10$tMississippi Valley historical review (Online)
=852  41$aBritish Library$bHMNTS$jELD Digital store$3Volume 100:Number 1(2013:Jun.)-
=852  41$aBritish Library$bDSC$j4927.280000
=856  \\$31850-9999$uhttp://ukcatalogue.oup.com/$xBLDSS
=856  40$uhttp://www.historycooperative.org/jahindex.html
=856  40$uhttp://www.journalofamericanhistory.org/issues/
=856  40$uhttp://www.jstor.org/journals/00218723.html
=856  40$uhttp://jah.oxfordjournals.org/content/by/year$zIncludes issues of earlier title: Mississippi Valley historical review (Online)
=859  \\$aXLD$bejournal$cSFX
=859  \\$aELD$bejournal
=945  \\$aJournal of American history -Bloomington-.
=959  \\$fCurrently available
=979  \\$aBritish Library$bDSC$j4927.280000
=ACF  \\$aPrevious copyright fee: GBP18.00$c29\0$e25-jan-2011$fGBP18.00$g0$hP$5Uk
=ACF  \\$aPrevious copyright fee: GBP20.00$c29\0$e01-jan-2013$fGBP20.00$g0$hP$5Uk
=ACF  \\$aPrevious copyright fee: GBP23.00$c29\0$e01-jan-2015$fGBP23.00$g0$hP$5Uk
=ACF  \\$aPrevious copyright fee: GBP24.00$c29\0$e01-jan-2016$fGBP24.00$g0$hP$5Uk
=ACF  \\$aPrevious copyright fee: GBP26.00$c29\0$e01-jan-2017$fGBP26.00$g0$hP$5Uk
=ACF  \\$aPrevious copyright fee: GBP27.00$c29\0$e01-jan-2018$fGBP27.00$g0$hP$5Uk
=ACF  \\$aPrevious copyright fee: GBP28.00$c29\0$e01-jan-2019$fGBP28.00$g0$hP$5Uk
=ACF  \\$aPrevious Copyright Fee: GBP29.00$c29\0$e01-jan-2020$fGBP29.00$g0$hP$5Uk
=CAT  \\$a12654$b40$c20110125$lBLL01$h0833
=CAT  \\$aBATCH-UPD$b40$c20151119$lBLL01$h1552
=CAT  \\$aIPL-CLA$c20151231$lBLL01$h1933
=CAT  \\$aBATCH-UPD$b00$c20160524$lBLL01$h2214
=CAT  \\$aBATCH-UPD$b00$c20160525$lBLL01$h0051
=CAT  \\$aBATCH-UPD$b00$c20161122$lBLL01$h1522
=CAT  \\$aIPL-CLA$c20161230$lBLL01$h2350
=CAT  \\$aBATCH-UPD$b00$c20171121$lBLL01$h1705
=CAT  \\$aW1711-1005$c20171206$lBLL01$h1823
=CAT  \\$aIPL-CLA$c20171231$lBLL01$h1805
=CAT  \\$aBATCH-UPD$b00$c20181217$lBLL01$h1652
=CAT  \\$aIPL-CLA$c20181231$lBLL01$h1550
=CAT  \\$a3072$b40$c20190220$lBLL01$h1442
=CAT  \\$aW1910-0530$c20191007$lBLL01$h1114
=CAT  \\$aR1911-1518$c20191206$lBLL01$h1406
=CAT  \\$aIPL-CLA$c20191231$lBLL01$h2026
=CAT  \\$aBATCH-UPD$b00$c20220308$lBLL01$h1728
=CAT  \\$aIPL-CLA$c20220331$lBLL01$h1952
=CAT  \\$a12654$b40$c20230221$lBLL01$h1429
=CAT  \\$aS2302-1302$c20230322$lBLL01$h1708
=CAT  \\$a12654$b40$c20230323$lBLL01$h1143
=CAT  \\$a12240$b40$c20230323$lBLL01$h1253
=CAT  \\$aS2302-1302$c20230323$lBLL01$h1443
=CAT  \\$aIPL-CLA$c20230331$lBLL01$h1547
=CAT  \\$aS2304-0519$c20230412$lBLL01$h1140
=CAT  \\$aBATCH-SUPP$c20230426$lBLL01$h1110
=CFI  0\$aCurrent Copyright Fee: GBP42.00$c29\0$e01-apr-2023$fGBP42.00$g0$hP$5Uk
=CFI  2\$aPrevious copyright fee: GBP32.00$c29\0$e01-apr-2022$fGBP32.00$g0$hP$5Uk
=EST  \\$a1
=FFP  \\$aY$bBLDSS-3PM
=FIN  \\$aY$d20110315
=FMT  \\$a  SE
=LAS  \\$aBATCH-SUPP$b00$c20230426$lBLL01$h1110
=LKR  \\$aPAR$b003732824$lBLL01$r776$mThe Journal of American history (Online)$nThe Journal of American history (Print)
=MNI  \\$a0021-8723
=SID  \\$aZ39$bOCLC
=TCO  \\$aTRS$bCCC$c008
=TOC  \\$aETOC
=UNO  \\$aY

