=LDR  06563cas a2201381 a 4500
=001  015737968
=003  Uk
=005  20230426111021.0
=006  m\\\\\\\\d\\\\\\\\
=007  cr\|||||||||||
=008  990429c19049999enksr\p\o\\\\\0\\\a0eng\c
=010  \\$a00238592
=015  \\$aGBB409925$2bnb
=016  7\$a1473843-0$2DE-600
=022  0\$a1537-6613$l0022-1899$202
=035  \\$a(OCoLC)41275996$z(OCoLC)44196183$z(OCoLC)44248188$z(OCoLC)47774548
=037  \\$ajid$bOxford University Press
=037  3\$aISSN_00221899_4$bPortico$nOxford University Press
=040  \\$aPIT$cPIT$dRCE$dIUL$dNSD$dN@F$dOCLCQ$dFQM$dMXC$dIUL$dNSD$dEYM$dKRTAS$dOCLCQ$dHEBIS$dUk$dUk
=042  \\$aissnuk$aukblsr
=050  14$aQR1$b.J65
=082  04$a616.9$222
=130  0\$aJournal of infectious diseases (Online)
=210  0\$aJ. infec. dis. (Online, Univ. Chic. Press)
=222  \4$aThe journal of infectious diseases (Online. University of Chicago Press)
=245  14$aThe journal of infectious diseases$h[electronic resource].
=246  13$aJID
=260  \\$aChicago :$bMemorial Institute for Infectious Diseases,$c1904-
=260  3\$aOxford :$bOxford University Press
=310  \\$aSemimonthly,$b2001-
=321  \\$aQuarterly (irregular),$b1904-June 15, 1911
=321  \\$aBimonthly,$bJuly 1911-1915
=321  \\$aMonthly,$b1916-May/June 1932
=321  \\$aBimonthly,$bJuly/Aug. 1932-1963
=321  \\$a5 times a year,$b1964-1968
=321  \\$aMonthly,$b1969-2000
=336  \\$atext$2rdacontent
=337  \\$acomputer$2rdamedia
=338  \\$aonline resource$2rdacarrier
=362  0\$aVol. 1, no. 1 (Jan. 1904)-
=500  \\$aTitle from caption (JSTOR, viewed June 16, 2009).
=500  \\$aPublished by: the John McCormick Institute for Infectious Diseases, Aug. 1918-1940; and, the University of Chicago Press, 1941-.
=538  \\$aMode of access: World Wide Web.
=540  \\$aCurrent Copyright Fee: GBP32.00$c29\0$5Uk
=550  \\$aIssued by: the Memorial Institute for Infectious Diseases, 1904-July 1918; the John McCormick Institute for Infectious Diseases, Aug. 1918-1940; the John Rockefeller McCormick Memorial Fund, 1941-1968; and, the Infectious Diseases Society of America, 1969-.
=550  \\$a"An official publication of the Infectious Diseases Society of America and the HIV Medicine Association" - PDF t.p. verso, Vol. 203, no. 7 (1 Apr. 2011).
=588  \\$aLatest issue consulted: Vol. 203, no. 7 (Apr. 1, 2011) (Oxford Journals, viewed Mar. 15, 2011).
=650  \0$aCommunicable diseases$vPeriodicals.
=650  \0$aDiseases$xCauses and theories of causation$vPeriodicals.
=650  \0$aMedicine$vPeriodicals.
=650  \2$aCommunicable Diseases$vPeriodicals.
=650  \0$aElectronic journals.
=710  2\$aMemorial Institute for Infectious Diseases (Chicago, Ill.)
=710  2\$aJohn McCormick Institute for Infectious Diseases.
=710  2\$aJohn Rockefeller McCormick Memorial Fund.
=710  2\$aInfectious Diseases Society of America.
=710  2\$aHIV Medicine Association.
=776  08$aAlso issued in print:$tJournal of infectious diseases$x0022-1899
=852  41$aBritish Library$bHMNTS$jELD Digital store$3Volume 207:Number 3(2013)-
=852  41$aBritish Library$bDSC$j5006.700000$3Volume 203:Issue 1(2011)-Volume 214:Issue 10(2016)***See ESTAR for full holdings.
=856  \\$31850-9999$uhttp://ukcatalogue.oup.com/$xBLDSS
=856  40$uhttp://jid.oxfordjournals.org/content/by/year
=856  40$uhttp://www.journals.uchicago.edu/JID/journal/
=856  40$uhttp://www.jstor.org/journals/00221899.html$zLink no longer available
=859  \\$aELD$bejournal
=859  \\$aXLD$bejournal$cSFX
=945  \\$aJournal of infectious diseases
=959  \\$fCurrently available
=979  \\$aBritish Library$bDSC$j5006.700000
=985  \\$aResponsibility for ISSN transferred to ISSN UK from ISSN US Center, 04.01.12
=ACF  \\$aPrevious copyright fee: GBP23.00$c29\0$e25-jan-2010$fGBP23.00$g0$hP$5Uk
=ACF  \\$aPrevious copyright fee: GBP20.00$c29\0$e01-jan-2013$fGBP20.00$g0$hP$5Uk
=ACF  \\$aPrevious copyright fee: GBP23.00$c29\0$e01-jan-2015$fGBP23.00$g0$hP$5Uk
=ACF  \\$aPrevious copyright fee: GBP24.00$c29\0$e01-jan-2016$fGBP24.00$g0$hP$5Uk
=ACF  \\$aPrevious copyright fee: GBP26.00$c29\0$e01-jan-2017$fGBP26.00$g0$hP$5Uk
=ACF  \\$aPrevious copyright fee: GBP27.00$c29\0$e01-jan-2018$fGBP27.00$g0$hP$5Uk
=ACF  \\$aPrevious copyright fee: GBP28.00$c29\0$e01-jan-2019$fGBP28.00$g0$hP$5Uk
=ACF  \\$aPrevious Copyright Fee: GBP20.00$c29\0$e01-jan-2020$fGBP20.00$g0$hP$5Uk
=CAT  \\$a12654$b40$c20110125$lBLL01$h0858
=CAT  \\$aBATCH-UPD$b40$c20141124$lBLL01$h1812
=CAT  \\$aBLDSS-3PM$b00$c20141208$lBLL01$h1627
=CAT  \\$aIPL-CLA$c20141231$lBLL01$h1701
=CAT  \\$aBATCH-UPD$b00$c20151119$lBLL01$h1552
=CAT  \\$aIPL-CLA$c20151231$lBLL01$h1933
=CAT  \\$aBATCH-UPD$b00$c20160524$lBLL01$h2214
=CAT  \\$aBATCH-UPD$b00$c20160525$lBLL01$h0051
=CAT  \\$aBATCH-UPD$b00$c20161122$lBLL01$h1522
=CAT  \\$aIPL-CLA$c20161230$lBLL01$h2350
=CAT  \\$aBATCH-UPD$b00$c20171121$lBLL01$h1705
=CAT  \\$aW1711-1005$c20171206$lBLL01$h1823
=CAT  \\$aIPL-CLA$c20171231$lBLL01$h1805
=CAT  \\$aBATCH-UPD$b00$c20181217$lBLL01$h1652
=CAT  \\$aIPL-CLA$c20181231$lBLL01$h1550
=CAT  \\$aW1910-0530$c20191007$lBLL01$h1114
=CAT  \\$aR1911-1518$c20191206$lBLL01$h1419
=CAT  \\$aIPL-CLA$c20191231$lBLL01$h2026
=CAT  \\$aBATCH-UPD$b00$c20220308$lBLL01$h1735
=CAT  \\$aIPL-CLA$c20220331$lBLL01$h1952
=CAT  \\$a12654$b40$c20221213$lBLL01$h1214
=CAT  \\$aS2302-1302$c20230322$lBLL01$h1708
=CAT  \\$aS2302-1302$c20230323$lBLL01$h1443
=CAT  \\$aIPL-CLA$c20230331$lBLL01$h1547
=CAT  \\$aS2304-0519$c20230412$lBLL01$h1140
=CAT  \\$aBATCH-SUPP$c20230426$lBLL01$h1110
=CFI  0\$aCurrent Copyright Fee: GBP32.00$c29\0$e01-apr-2023$fGBP32.00$g0$hP$5Uk
=CFI  2\$aPrevious copyright fee: GBP22.00$c29\0$e01-apr-2022$fGBP22.00$g0$hP$5Uk
=EST  \\$a1
=FFP  \\$aY$bBLDSS-3PM
=FIN  \\$aY$d20110315
=FMT  \\$a  SE
=LAS  \\$aBATCH-SUPP$b00$c20230426$lBLL01$h1110
=LET  \4$aThe journal of infectious diseases (Electronic)
=LKR  \\$aPAR$b010490180$lBLL01$r776$mThe journal of infectious diseases (Online. University of Chicago Press)$nThe Journal of infectious diseases
=MNI  \\$a0022-1899
=SID  \\$aZ39$bOCLC
=TCO  \\$aTRS$bCCC$c008
=TOC  \\$aETOC
=UNO  \\$aY

