=LDR  05343cas a2201153 a 4500
=001  015738184
=003  Uk
=005  20230426111022.0
=006  m\\\\\\\\d\\\\\\\\
=007  cr\|||||||||||
=008  071008c18869999enkmr\p\ov\\\\0\\\a0eng\\
=015  \\$aGBB411900$2bnb
=022  0\$a1756-1000$202
=037  \\$arpc$bOxford University Press
=037  3\$aISSN_00801364$bPortico$nOxford University Press
=040  \\$aUk$beng$cUk$dUk
=042  \\$aissnuk$aukblsr
=082  04$a346.41048$222
=130  0\$aReports of patent, design and trade mark cases (Online)
=210  0\$aRep. pat. des. trade mark cases$b(Online)
=222  \0$aReports of patent, design and trade mark cases$b(Online)
=245  10$aReports of patent, design and trade mark cases$h[electronic resource].
=246  13$aRPC
=264  \1$a[London] :$b[Patent Office]
=264  21$31998-2007$a[London] :$b[Sweet & Maxwell]
=264  31$32008-$aOxford :$bOxford University Press for the UK Intellectual Property Office
=310  \\$aMonthly,$b2008-
=321  \\$a25 issues yearly,$b-2007
=336  \\$atext$2rdacontent
=337  \\$acomputer$2rdamedia
=338  \\$aonline resource$2rdacarrier
=362  1\$aPrint began in 1886.
=515  \\$aSome issues combined.
=540  \\$aCurrent Copyright Fee: GBP42.00$c29\0$5Uk
=550  \\$aPublished by Sweet & Maxwell for the Patent Office, 1999-2006; published by Sweet & Maxwell for the UK Intellectual Property Office, 2007.
=580  \\$aIncludes issues of the annual cumulation: Digest of cases reported in (...) R.P.C.
=580  \\$aOriginal print version of this title was preceded by an earlier title: Reports of patent cases.
=588  \\$aDescription based on: Vol. 125, issue 1 (Jan. 2008); title from pdf cover (Oxford Journals, viewed Mar. 31, 2011).
=588  \\$aLatest issue consulted: volume 131, issue 2 (February 2014) (Oxford Journals, viewed January 31, 2014).
=650  \0$aPatent laws and legislation$zGreat Britain$vCases.
=650  \0$aPatent infringement$zGreat Britain$vCases.
=650  \0$aIndustrial property$xLaw and legislation$zGreat Britain$vCases.
=650  \0$aPatents$zGreat Britain$vPeriodicals.
=710  2\$aUK Intellectual Property Office.
=710  1\$aGreat Britain.$bPatent Office.
=740  02$aReports of patent, design and trade mark cases.$pDigest of cases reported in (...) R.P.C.
=776  08$iAlso issued in print as:$tReports of patent, design and trade mark cases$x0080-1364
=852  41$aBritish Library$bDSC$j7661.910000$3Volume 129:Issue 1(2012)-Volume 132:Issue 8(2015)***See ESTAR for full holdings.
=852  41$aBritish Library$bHMNTS$jELD Digital store$3Volume 130:Issue Digest(2014)-Volume 139:Issue 6(2022)***Previous issues available in print copy
=856  \\$31850-9999$uhttp://ukcatalogue.oup.com/$xBLDSS
=856  40$uhttp://rpc.oxfordjournals.org
=859  \\$aELD$bejournal
=859  \\$aXLD$bejournal$cSFX
=945  \\$aReports of patent design and trade mark cases
=959  \\$fCurrently available
=ACF  \\$aCurrent copyright fee: GBP18.00$c29\0$e24-jan-2011$fGBP18.00$g0$hP$5Uk
=ACF  \\$aPrevious copyright fee: GBP18.00$c29\0$e25-jan-2011$fGBP18.00$g0$hP$5Uk
=ACF  \\$aPrevious copyright fee: GBP20.00$c29\0$e01-jan-2013$fGBP20.00$g0$hP$5Uk
=ACF  \\$aPrevious copyright fee: GBP35.00$c29\0$e01-jan-2015$fGBP35.00$g0$hP$5Uk
=ACF  \\$aPrevious Copyright Fee: GBP30.00$c29\0$e01-jan-2014$fGBP30.00$g0$hP$5Uk
=ACF  \\$aPrevious copyright fee: GBP41.00$c29\0$e11-jan-2019$fGBP41.00$g0$hP$5Uk
=ACF  \\$aPrevious Copyright Fee: GBP29.00$c29\0$e01-jan-2020$fGBP29.00$g0$hP$5Uk
=CAT  \\$a12654$b40$c20110125$lBLL01$h1138
=CAT  \\$aIPL-CLA$c20121231$lBLL01$h1330
=CAT  \\$aIPL-CLA$c20130102$lBLL01$h1805
=CAT  \\$a5552$b40$c20131029$lBLL01$h1035
=CAT  \\$a11433$b40$c20131207$lBLL01$h1249
=CAT  \\$aIPL-CLA$c20140101$lBLL01$h0141
=CAT  \\$a8323$b40$c20140131$lBLL01$h1219
=CAT  \\$a5552$b40$c20141029$lBLL01$h1150
=CAT  \\$aBLDSS-3PM$b00$c20141208$lBLL01$h1627
=CAT  \\$aIPL-CLA$c20141231$lBLL01$h1701
=CAT  \\$aBATCH-UPD$b00$c20160522$lBLL01$h2351
=CAT  \\$aBATCH-UPD$b00$c20160524$lBLL01$h2214
=CAT  \\$aW1711-1005$c20171206$lBLL01$h1823
=CAT  \\$a5552$b40$c20190111$lBLL01$h1234
=CAT  \\$aW1910-0530$c20191007$lBLL01$h1114
=CAT  \\$aR1911-1518$c20191206$lBLL01$h1406
=CAT  \\$aIPL-CLA$c20191231$lBLL01$h2026
=CAT  \\$a12654$b40$c20210426$lBLL01$h1133
=CAT  \\$aBATCH-UPD$b40$c20220308$lBLL01$h1728
=CAT  \\$aIPL-CLA$c20220331$lBLL01$h1952
=CAT  \\$a12654$b40$c20230307$lBLL01$h0727
=CAT  \\$aS2302-1302$c20230322$lBLL01$h1708
=CAT  \\$aS2302-1302$c20230323$lBLL01$h1444
=CAT  \\$aIPL-CLA$c20230331$lBLL01$h1547
=CAT  \\$aS2304-0519$c20230412$lBLL01$h1140
=CAT  \\$aBATCH-SUPP$c20230426$lBLL01$h1110
=CFI  0\$aCurrent Copyright Fee: GBP42.00$c29\0$e01-apr-2023$fGBP42.00$g0$hP$5Uk
=CFI  2\$aPrevious copyright fee: GBP32.00$c29\0$e01-apr-2022$fGBP32.00$g0$hP$5Uk
=EST  \\$a1
=FFP  \\$aY$bBLDSS-3PM
=FIN  \\$aY$d20080628
=FMT  \\$a  SE
=LAS  \\$aBATCH-SUPP$b00$c20230426$lBLL01$h1110
=MNI  \\$a0080-1364
=TCO  \\$aCLA$bCLA$c008
=TOC  \\$aETOC
=UNO  \\$aY

