=LDR  05099cas a2201177 a 4500
=001  015738217
=003  Uk
=005  20230426111022.0
=006  m\\\\\\\\d\\\\\\\\
=007  cr\|||||||||||
=008  110118c20119999enkfr\p\o\\\\\0\\\a0eng\c
=010  \\$a2011242087
=015  \\$aGBB411912$2bnb
=022  0\$a2045-9939$y2045-9920$202
=035  \\$a(OCoLC)741222853
=037  \\$aISSN_20459920$bPortico$nOxford University Press
=040  \\$aIL4I4$beng$cIL4I4$dSHH$dAFU$dMYG$dTXA$dOCLCQ$dAGL$dOCLCF$dUk
=042  \\$aissnuk$aukblsr
=050  14$aHG4501$b.R45
=070  0\$aHG4501$b.R48
=082  04$a332.632042$223
=130  0\$aReview of asset pricing studies (Online)
=222  \4$aThe review of asset pricing studies$b(Online)
=245  14$aThe review of asset pricing studies$h[electronic resource].
=246  13$aRAPS
=260  \\$aOxford :$bOxford University Press for the Society for Financial Studies
=310  \\$aSemiannual,$b2012-
=321  \\$aAnnual,$b2011
=336  \\$atext$2rdacontent
=337  \\$acomputer$2rdamedia
=338  \\$aonline resource$2rdacarrier
=362  1\$aBegan with: Vol. 1, no. 1 (Dec. 2011).
=540  \\$aCurrent Copyright Fee: GBP33.00$c29\0$5Uk
=588  \\$aDescription based on: Vol. 1, no. 1 (Dec. 2011); title from cover image (Oxford Journals, viewed Dec. 21, 2011).
=588  \\$aLatest issue consulted: volume 3, number 2 (December 2013) (viewed January 31, 2014).
=650  \0$aCapital assets pricing model$vPeriodicals.
=650  \0$aStocks$xPrices$vPeriodicals.
=650  \0$aInvestments$xValuation$vPeriodicals.
=650  \0$aFinance$vPeriodicals.
=690  7\$aManagement and Business Studies$2blcoll
=710  2\$aSociety for Financial Studies.
=776  08$iPrint version:$tReview of asset pricing studies$x2045-9920
=852  41$aBritish Library$bHMNTS$jELD Digital store$3Volume 1:Number 1(2011)-***Previous issues available in print copy
=852  41$aBritish Library$bDSC$j7788.135000
=856  \\$31850-9999$uhttp://ukcatalogue.oup.com/$xBLDSS
=856  40$uhttp://libnet.ac.il/~libnet/pqd/opac_uls.pl?1107366$zULS Link
=856  40$uhttp://raps.oxfordjournals.org$zOxford UP
=856  40$uhttp://raps.oxfordjournals.org/
=859  \\$aELD$bejournal
=859  \\$aXLD$bejournal$cSFX
=945  \\$aReview of asset pricing studies
=959  \\$fCurrently available
=979  \\$aBritish Library$bDSC$j7788.135000
=985  \\$aISSN description based on journal homepage, viewed 13/12/11.
=ACF  \\$aPrevious copyright fee: GBP18.00$c29\0$e25-jan-2011$fGBP18.00$g0$hP$5Uk
=ACF  \\$aPrevious copyright fee: GBP20.00$c29\0$e01-jan-2013$fGBP20.00$g0$hP$5Uk
=ACF  \\$aPrevious copyright fee: GBP23.00$c29\0$e01-jan-2015$fGBP23.00$g0$hP$5Uk
=ACF  \\$aPrevious copyright fee: GBP24.00$c29\0$e01-jan-2016$fGBP24.00$g0$hP$5Uk
=ACF  \\$aPrevious copyright fee: GBP26.00$c29\0$e01-jan-2017$fGBP26.00$g0$hP$5Uk
=ACF  \\$aPrevious copyright fee: GBP27.00$c29\0$e01-jan-2018$fGBP27.00$g0$hP$5Uk
=ACF  \\$aPrevious copyright fee: GBP28.00$c29\0$e01-jan-2019$fGBP28.00$g0$hP$5Uk
=ACF  \\$aPrevious Copyright Fee: GBP20.00$c29\0$e01-jan-2020$fGBP20.00$g0$hP$5Uk
=CAT  \\$a12654$b40$c20110125$lBLL01$h1155
=CAT  \\$aBATCH-UPD$b00$c20160524$lBLL01$h2214
=CAT  \\$aBATCH-UPD$b00$c20160525$lBLL01$h0051
=CAT  \\$aBATCH-UPD$b00$c20161122$lBLL01$h1522
=CAT  \\$aIPL-CLA$c20161230$lBLL01$h2351
=CAT  \\$aBATCH-UPD$b00$c20171121$lBLL01$h1705
=CAT  \\$aW1711-1005$c20171206$lBLL01$h1823
=CAT  \\$aIPL-CLA$c20171231$lBLL01$h1805
=CAT  \\$aBATCH-UPD$b00$c20181217$lBLL01$h1652
=CAT  \\$a5410$b40$c20181228$lBLL01$h0918
=CAT  \\$aIPL-CLA$c20181231$lBLL01$h1550
=CAT  \\$aW1910-0530$c20191007$lBLL01$h1114
=CAT  \\$aR1911-1518$c20191206$lBLL01$h1418
=CAT  \\$aIPL-CLA$c20191231$lBLL01$h2026
=CAT  \\$a5410$b40$c20200312$lBLL01$h1346
=CAT  \\$a5410$b40$c20210922$lBLL01$h1336
=CAT  \\$a5410$b40$c20211005$lBLL01$h0906
=CAT  \\$aBATCH-UPD$b40$c20220308$lBLL01$h1735
=CAT  \\$aIPL-CLA$c20220331$lBLL01$h1952
=CAT  \\$a5410$b40$c20221028$lBLL01$h1150
=CAT  \\$a12654$b40$c20230307$lBLL01$h0742
=CAT  \\$aS2302-1302$c20230322$lBLL01$h1708
=CAT  \\$aS2302-1302$c20230323$lBLL01$h1444
=CAT  \\$aIPL-CLA$c20230331$lBLL01$h1547
=CAT  \\$aS2304-0519$c20230412$lBLL01$h1140
=CAT  \\$aBATCH-SUPP$c20230426$lBLL01$h1110
=CFI  0\$aCurrent Copyright Fee: GBP33.00$c29\0$e01-apr-2023$fGBP33.00$g0$hP$5Uk
=CFI  2\$aPrevious copyright fee: GBP22.00$c29\0$e01-apr-2022$fGBP22.00$g0$hP$5Uk
=EST  \\$a1
=FFP  \\$aY$bBLDSS-3PM
=FIN  \\$aY$d20111213
=FMT  \\$a  SE
=LAS  \\$aBATCH-SUPP$b00$c20230426$lBLL01$h1110
=LET  \4$aThe review of asset pricing studies (Online)
=LKR  \\$aPAR$b015703819$lBLL01$r776$mThe review of asset pricing studies (Online)$nThe review of asset pricing studies (Print)
=MNI  \\$a2045-9939
=SID  \\$aZ39$bOCLC
=TCO  \\$aZZZ$c008
=UNO  \\$aY

