=LDR  04886cas a2201129 i 4500
=001  015966825
=003  Uk
=005  20230426111029.0
=006  m\\\\\o\\d\\\\\\\\
=007  cr\un|||||||||
=008  050614c19869999enkfr\p\o\low\0\\\a0eng\c
=010  \\$a2012267055
=015  \\$aGBB414857$2bnb
=022  0\$a2049-1999$l0258-3690$202
=035  \\$a(OCoLC)60628409
=037  \\$aicsidreview$bOxford University Press
=037  3\$aISSN_02583690$bPortico$nOxford University Press
=040  \\$aOCLCS$beng$cOCLCS$dOCLCQ$dDOS$dOCLCQ$dUk$erda
=042  \\$aissnuk$aukblsr
=050  \4$aK9$b.C75
=082  04$a346.092$223
=222  \0$aICSID review$b(Online)
=245  00$aICSID review.
=246  3\$aInternational Centre for Settlement of Investment Disputes review
=246  13$aForeign investment law journal
=246  17$aICSID review, foreign investment law journal
=264  \1$aWashington, D.C. :$bInternational Centre for Settlement of Investment Disputes ;$aBaltimore, MD :$bJohns Hopkins University Press [distributor]
=264  31$32012- :$aOxford :$bOxford University Press
=310  \\$aSemiannual
=336  \\$atext$btxt$2rdacontent
=337  \\$acomputer$bc$2rdamedia
=338  \\$aonline resource$bcr$2rdacarrier
=362  1\$aPrint began with v. 1, no. 1 (spring 1986).
=530  \\$aAlso issued in print.
=538  \\$aMode of access: World Wide Web.
=540  \\$aCurrent Copyright Fee: GBP42.00$c29\0$5Uk
=588  \\$aDescription based on print version record.
=588  \\$aLatest issue consulted: volume 28, issue 1 (spring 2013)(Oxford Journals, viewed June 13, 2013).
=650  \0$aInvestments, Foreign$xLaw and legislation$vPeriodicals.
=710  2\$aInternational Centre for Settlement of Investment Disputes.
=776  08$iAlso issued in print as:$tICSID review$x0258-3690
=852  41$aBritish Library$bHMNTS$jELD Digital store$3Volume 29:Number 2(2014:May)-***Previous issues available in print copy
=852  41$aBritish Library$bDSC$j4362.091525$3Volume 25:Issue 2(2010)-Volume 29:Issue 3(2014)***See ESTAR for full holdings.
=856  \\$31850-9999$uhttp://ukcatalogue.oup.com/$xBLDSS
=856  4\$uhttps://icsid.worldbank.org/ICSID/FrontServlet?requestType=ICSIDBibliographyRH&actionVal=IcsidReview
=856  40$uhttp://icsidreview.oxfordjournals.org/
=859  \\$aXLD$bejournal$cSFX
=859  \\$aELD$bejournal
=945  \\$aICSID review
=959  \\$fCurrently available
=979  \\$aBritish Library$bDSC$j4362.091525
=ACF  \\$aPrevious copyright fee: GBP30.00$c29\0$e16-apr-2013$fGBP30.00$g0$hP$5Uk
=ACF  \\$aPrevious copyright fee: GBP36.00$c29\0$e01-jan-2016$fGBP36.00$g0$hP$5Uk
=ACF  \\$aPrevious copyright fee: GBP38.00$c29\0$e01-jan-2017$fGBP38.00$g0$hP$5Uk
=ACF  \\$aPrevious copyright fee: GBP40.00$c29\0$e01-jan-2018$fGBP40.00$g0$hP$5Uk
=ACF  \\$aPrevious copyright fee: GBP41.00$c29\0$e01-jan-2019$fGBP41.00$g0$hP$5Uk
=ACF  \\$aPrevious Copyright Fee: GBP29.00$c29\0$e01-jan-2020$fGBP29.00$g0$hP$5Uk
=CAT  \\$a11315$b40$c20111110$lBLL01$h1516
=CAT  \\$a10983$b40$c20150624$lBLL01$h1551
=CAT  \\$aBATCH-UPD$b40$c20151018$lBLL01$h1122
=CAT  \\$aBATCH-UPD$b40$c20151119$lBLL01$h1547
=CAT  \\$aIPL-CLA$c20151231$lBLL01$h1933
=CAT  \\$aBATCH-UPD$b00$c20160524$lBLL01$h2214
=CAT  \\$aBATCH-UPD$b00$c20160525$lBLL01$h0054
=CAT  \\$aBATCH-UPD$b00$c20161122$lBLL01$h1523
=CAT  \\$aIPL-CLA$c20161230$lBLL01$h2358
=CAT  \\$aBATCH-UPD$b00$c20171121$lBLL01$h1658
=CAT  \\$aW1711-1005$c20171206$lBLL01$h1823
=CAT  \\$aIPL-CLA$c20171231$lBLL01$h1810
=CAT  \\$aBATCH-UPD$b00$c20181217$lBLL01$h1655
=CAT  \\$aIPL-CLA$c20181231$lBLL01$h1551
=CAT  \\$aW1910-0530$c20191007$lBLL01$h1114
=CAT  \\$aR1911-1518$c20191206$lBLL01$h1405
=CAT  \\$aIPL-CLA$c20191231$lBLL01$h2029
=CAT  \\$aBATCH-UPD$b00$c20220308$lBLL01$h1728
=CAT  \\$aIPL-CLA$c20220331$lBLL01$h1952
=CAT  \\$a12654$b40$c20230201$lBLL01$h0913
=CAT  \\$a12654$b40$c20230201$lBLL01$h0915
=CAT  \\$aS2302-1302$c20230322$lBLL01$h1708
=CAT  \\$aS2302-1302$c20230323$lBLL01$h1443
=CAT  \\$aIPL-CLA$c20230331$lBLL01$h1547
=CAT  \\$aS2304-0519$c20230412$lBLL01$h1140
=CAT  \\$aBATCH-SUPP$c20230426$lBLL01$h1110
=CFI  0\$aCurrent Copyright Fee: GBP42.00$c29\0$e01-apr-2023$fGBP42.00$g0$hP$5Uk
=CFI  2\$aPrevious copyright fee: GBP32.00$c29\0$e01-apr-2022$fGBP32.00$g0$hP$5Uk
=EST  \\$a1
=FFP  \\$aY$bBLDSS-3PM
=FIN  \\$aY$d20121026
=FMT  \\$a  SE
=LAS  \\$aBATCH-SUPP$b00$c20230426$lBLL01$h1110
=LET  \0$aICSID review (Electronic)
=LKR  \\$aPAR$b009209598$lBLL01$r776$mICSID review (Online)$nICSID review
=MNI  \\$a0258-3690
=SID  \\$aZ39$bOCLC
=TCO  \\$aCLA$bCLA$c008
=TOC  \\$aETOC
=UNO  \\$aY

