=LDR  05452cas a2201225 a 4500
=001  015980753
=003  Uk
=005  20230426111030.0
=006  m\\\\\\\\d\\\\\\\\
=007  cr\nn|||||||||
=008  011211c20009999dcuqr\p\o\\\\\0\\\a0eng\c
=010  \\$a  2003215355
=015  \\$aGBB411396$2bnb
=022  0\$a1545-682X$y0162-7961$y1532-8759
=035  \\$a(OCoLC)48578270
=037  \\$acs$bOxford University Press
=037  3\$aISSN_15328759$bPortico$nOxford University Press
=040  \\$aHkU$cHkU$dNSDP$dOCoLC$dCaQMUQ$dNBuU$dCaQMM$dOCoLC$dUk
=042  \\$ansdp$aukblsr
=050  14$aLB3013.4$b.S62
=082  04$a371.7$223
=130  0\$aChildren & schools (Online)
=210  0\$aChild. sch.$b(Online)
=222  \0$aChildren & schools$b(Online)
=245  10$aChildren & schools$h[electronic resource].
=246  3\$aChildren and schools
=260  \\$aWashington, DC :$bNational Association of Social Workers
=310  \\$aQuarterly
=336  \\$atext$2rdacontent
=337  \\$acomputer$2rdamedia
=338  \\$aonline resource$2rdacarrier
=362  1\$aPrint began with v. 22, no. 4 (Oct. 2000).
=500  \\$aFrom 2012, produced for NASW Press by Oxford Journals, a division of Oxford University Press.
=540  \\$aCurrent Copyright Fee: GBP32.00$c29\0$5Uk
=550  \\$aA journal of the National Association of Social Workers.
=580  \\$aIncludes issues of earlier title: Social work in education.
=588  \\$aDescription based on: Vol. 22, no. 4 (Oct. 2000); title from title screen of HTML (viewed July 21, 2003).
=588  \\$aLatest issue consulted: volume 35, number 4 (October 2013) (Oxford Journals, viewed January 29, 2014).
=650  \0$aSchool social work$vPeriodicals.
=650  \0$aSchool social work$zUnited States$vPeriodicals.
=650  \0$aSocial work with children$vPeriodicals.
=650  \0$aSocial work with teenagers$vPeriodicals.
=690  7\$aSocial Welfare$2blcoll
=710  2\$aNational Association of Social Workers.
=776  08$iAlso issued in print as:$tChildren & schools$x1532-8759
=780  10$tSocial work in education (Online)
=852  41$aBritish Library$bHMNTS$jELD Digital store$3Volume 36:Number 1(2014:Jan.)-***Previous issues available in print copy
=852  41$aBritish Library$bDSC$j3172.961250$3Volume 34:Issue 1(2012)-Volume 42:Issue 1(2020)***See ESTAR for full holdings.
=856  \\$31850-9999$uhttp://ukcatalogue.oup.com/$xBLDSS
=856  4\$uhttp://search.ebscohost.com/direct.asp?db=rzh&jid=%22FB3%22&scope=site$zLogin with a Shibboleth or Athens password
=856  40$uhttp://cs.oxfordjournals.org
=856  40$uhttp://nasw.publisher.ingentaconnect.com/content/nasw/cs
=856  40$uhttp://www.ingentaconnect.com/content/nasw/cs
=859  \\$aELD$bejournal
=859  \\$aXLD$bejournal$cSFX
=945  \\$aChildren & schools
=959  \\$fCurrently available
=979  \\$aBritish Library$bDSC$j3172.961250
=ACF  \\$aPrevious copyright fee: GBP22.00$c29\0$e01-dec-2011$fGBP22.00$g0$hP$5Uk
=ACF  \\$aPrevious Copyright Fee: GBP23.00$c29\0$e01-jan-2012$fGBP23.00$g0$hP$5Uk
=ACF  \\$aPrevious copyright fee: GBP20.00$c29\0$e01-jan-2013$fGBP20.00$g0$hP$5Uk
=ACF  \\$aPrevious copyright fee: GBP23.00$c29\0$e01-jan-2015$fGBP23.00$g0$hP$5Uk
=ACF  \\$aPrevious copyright fee: GBP24.00$c29\0$e01-jan-2016$fGBP24.00$g0$hP$5Uk
=ACF  \\$aPrevious copyright fee: GBP26.00$c29\0$e01-jan-2017$fGBP26.00$g0$hP$5Uk
=ACF  \\$aPrevious copyright fee: GBP27.00$c29\0$e01-jan-2018$fGBP27.00$g0$hP$5Uk
=ACF  \\$aPrevious copyright fee: GBP28.00$c29\0$e01-jan-2019$fGBP28.00$g0$hP$5Uk
=ACF  \\$aPrevious Copyright Fee: GBP20.00$c29\0$e01-jan-2020$fGBP20.00$g0$hP$5Uk
=CAT  \\$a12654$b40$c20111201$lBLL01$h1054
=CAT  \\$a14112$b40$c20150409$lBLL01$h1610
=CAT  \\$aBATCH-UPD$b40$c20151119$lBLL01$h1552
=CAT  \\$aIPL-CLA$c20151231$lBLL01$h1933
=CAT  \\$aBATCH-UPD$b00$c20160524$lBLL01$h2214
=CAT  \\$aBATCH-UPD$b00$c20160525$lBLL01$h0054
=CAT  \\$aBATCH-UPD$b00$c20161122$lBLL01$h1522
=CAT  \\$aIPL-CLA$c20161230$lBLL01$h2359
=CAT  \\$aBATCH-UPD$b00$c20171121$lBLL01$h1705
=CAT  \\$aW1711-1005$c20171206$lBLL01$h1823
=CAT  \\$aIPL-CLA$c20171231$lBLL01$h1810
=CAT  \\$aBATCH-UPD$b00$c20181217$lBLL01$h1653
=CAT  \\$aIPL-CLA$c20181231$lBLL01$h1551
=CAT  \\$aW1910-0530$c20191007$lBLL01$h1114
=CAT  \\$aR1911-1518$c20191206$lBLL01$h1419
=CAT  \\$aIPL-CLA$c20191231$lBLL01$h2029
=CAT  \\$a12654$b40$c20210426$lBLL01$h0804
=CAT  \\$aBATCH-UPD$b40$c20220308$lBLL01$h1735
=CAT  \\$aIPL-CLA$c20220331$lBLL01$h1952
=CAT  \\$a12654$b40$c20230123$lBLL01$h1416
=CAT  \\$aS2302-1302$c20230322$lBLL01$h1707
=CAT  \\$aS2302-1302$c20230322$lBLL01$h1708
=CAT  \\$aS2302-1302$c20230323$lBLL01$h1443
=CAT  \\$aIPL-CLA$c20230331$lBLL01$h1547
=CAT  \\$aS2304-0519$c20230412$lBLL01$h1140
=CAT  \\$aBATCH-SUPP$c20230426$lBLL01$h1110
=CFI  0\$aCurrent Copyright Fee: GBP32.00$c29\0$e01-apr-2023$fGBP32.00$g0$hP$5Uk
=CFI  2\$aPrevious copyright fee: GBP22.00$c29\0$e01-apr-2022$fGBP22.00$g0$hP$5Uk
=EST  \\$a1
=FFP  \\$aY$bBLDSS-3PM
=FIN  \\$aY$d20111221
=FMT  \\$a  SE
=LAS  \\$aBATCH-SUPP$b00$c20230426$lBLL01$h1110
=MNI  \\$a1532-8759
=SRC  \\$aBLL02
=TCO  \\$aTRS$bCCC$c008
=TOC  \\$aETOC
=UNO  \\$aY

