=LDR  05122cas a2201213 a 4500
=001  015980838
=003  Uk
=005  20230426111030.0
=006  m\\\\\\\\d\\\\\\\\
=007  cr\mnu||||||||
=008  980423c19769999xxuqr\pss\\\\\0\\\a0eng\c
=010  \\$a  2003215357
=015  \\$aGBB409473$2bnb
=016  7\$a7611528$2DNLM
=022  \\$a1545-6854$y0360-7283
=035  \\$a(OCoLC)39003716
=037  \\$ahsw$bOxford University Press
=037  3\$aISSN_03607283$bPortico$nOxford University Press
=040  \\$aFGA$cFGA$dOCoLC$dNSDP$dOCoLC$dNBuU$dOCoLC$dFCM-M$dOCoLC$dCaQMM$dOCoLC$dViRCU$dUk
=042  \\$ansdp$aukblsr
=043  \\$an-us---
=050  14$aHV687.5.U5$bH4
=060  00$aW1$bHE266S
=070  0\$aHV687.5$b.U5H4
=072  \0$aX380
=082  04$a362.10425$223
=130  0\$aHealth & social work (Online)
=210  0\$aHealth soc. work$b(Online)
=222  \0$aHealth & social work$b(Online)
=245  10$aHealth & social work$h[electronic resource].
=246  3\$aHealth and social work
=260  \\$aWashington, DC :$bNational Association of Social Workers
=264  31$a[Cary, NC] :$bOxford University Press
=336  \\$atext$2rdacontent
=337  \\$acomputer$2rdamedia
=338  \\$aonline resource$2rdacarrier
=362  1\$aPrint began with v. 1 (1976).
=540  \\$aCurrent Copyright Fee: GBP33.00$c29\0$5Uk
=550  \\$aPublished on behalf of: National Association of Social Workers.
=588  \\$aDescription based on: Vol. 19, issue 1 (Feb. 1994); title from available issues screen (viewed Apr. 23, 1998).
=588  \\$aLatest issue consulted: volume 38, number 4 (November 2013) (Oxford Journals, viewed January 24, 2014).
=650  \0$aMedical social work$vPeriodicals.
=650  \0$aMedical social work$zUnited States$vPeriodicals.
=650  \0$aMedical care$vPeriodicals.
=690  7\$aSocial Welfare$2blcoll
=710  2\$aNational Association of Social Workers,$eissuing body.
=776  08$iAlso issued in print as:$tHealth & social work$x0360-7283
=852  41$aBritish Library$bHMNTS$jELD Digital store$3Volume 39:Issue 1(2014)-
=852  41$aBritish Library$bDSC$j4274.884000$3Volume 37:Issue 1(2012)-Volume 45:Issue 1(2020)***See ESTAR for full holdings.
=856  \\$31850-9999$uhttp://ukcatalogue.oup.com/$xBLDSS
=856  40$uhttp://nasw.publisher.ingentaconnect.com/content/nasw/hsw
=856  41$uhttp://hsw.oxfordjournals.org/
=859  \\$aXLD$bejournal$cSFX
=859  \\$aELD$bejournal
=945  \\$aHealth & social work
=959  \\$fCurrently available
=979  \\$aBritish Library$bDSC$j4274.884000
=ACF  \\$aPrevious copyright fee: GBP22.00$c29\0$e01-dec-2011$fGBP22.00$g0$hP$5Uk
=ACF  \\$aPrevious copyright fee: GBP18.00$c29\0$e01-jan-2012$fGBP18.00$g0$hP$5Uk
=ACF  \\$aPrevious copyright fee: GBP20.00$c29\0$e01-jan-2013$fGBP20.00$g0$hP$5Uk
=ACF  \\$aPrevious copyright fee: GBP23.00$c29\0$e01-jan-2015$fGBP23.00$g0$hP$5Uk
=ACF  \\$aPrevious copyright fee: GBP24.00$c29\0$e01-jan-2016$fGBP24.00$g0$hP$5Uk
=ACF  \\$aPrevious copyright fee: GBP26.00$c29\0$e01-jan-2017$fGBP26.00$g0$hP$5Uk
=ACF  \\$aPrevious copyright fee: GBP27.00$c29\0$e01-jan-2018$fGBP27.00$g0$hP$5Uk
=ACF  \\$aPrevious copyright fee: GBP28.00$c29\0$e01-jan-2019$fGBP28.00$g0$hP$5Uk
=ACF  \\$aPrevious Copyright Fee: GBP20.00$c29\0$e01-jan-2020$fGBP20.00$g0$hP$5Uk
=CAT  \\$a12654$b40$c20111201$lBLL01$h1134
=CAT  \\$aBATCH-UPD$b00$c20151119$lBLL01$h1552
=CAT  \\$aIPL-CLA$c20151231$lBLL01$h1933
=CAT  \\$aBATCH-UPD$b00$c20160524$lBLL01$h2214
=CAT  \\$aBATCH-UPD$b00$c20160525$lBLL01$h0054
=CAT  \\$aBATCH-UPD$b00$c20161122$lBLL01$h1522
=CAT  \\$aIPL-CLA$c20161230$lBLL01$h2359
=CAT  \\$aBATCH-UPD$b00$c20171121$lBLL01$h1705
=CAT  \\$aW1711-1005$c20171206$lBLL01$h1824
=CAT  \\$aIPL-CLA$c20171231$lBLL01$h1810
=CAT  \\$aBATCH-UPD$b00$c20181217$lBLL01$h1653
=CAT  \\$aIPL-CLA$c20181231$lBLL01$h1551
=CAT  \\$aW1910-0530$c20191007$lBLL01$h1114
=CAT  \\$aR1911-1518$c20191206$lBLL01$h1419
=CAT  \\$aIPL-CLA$c20191231$lBLL01$h2029
=CAT  \\$a12654$b40$c20210426$lBLL01$h0909
=CAT  \\$a5410$b40$c20210627$lBLL01$h1826
=CAT  \\$aBATCH-UPD$b40$c20220308$lBLL01$h1735
=CAT  \\$aIPL-CLA$c20220331$lBLL01$h1952
=CAT  \\$a12654$b40$c20230131$lBLL01$h1424
=CAT  \\$a12654$b40$c20230131$lBLL01$h1425
=CAT  \\$aS2302-1302$c20230322$lBLL01$h1708
=CAT  \\$aS2302-1302$c20230323$lBLL01$h1443
=CAT  \\$aIPL-CLA$c20230331$lBLL01$h1547
=CAT  \\$aS2304-0519$c20230412$lBLL01$h1140
=CAT  \\$aBATCH-SUPP$c20230426$lBLL01$h1110
=CFI  0\$aCurrent Copyright Fee: GBP33.00$c29\0$e01-apr-2023$fGBP33.00$g0$hP$5Uk
=CFI  2\$aPrevious copyright fee: GBP22.00$c29\0$e01-apr-2022$fGBP22.00$g0$hP$5Uk
=EST  \\$a1
=FFP  \\$aY$bBLDSS-3PM
=FIN  \\$aY$d20111221
=FMT  \\$a  SE
=LAS  \\$aBATCH-SUPP$b00$c20230426$lBLL01$h1110
=MNI  \\$a0360-7283
=SRC  \\$aBLL02
=TCO  \\$aTRS$bCCC$c008
=TOC  \\$aETOC
=UNO  \\$aY

