=LDR  06347cas a2201297 a 4500
=001  015980935
=003  Uk
=005  20230426111030.0
=006  m\\\\\\\\d\\\\\\\\
=007  cr\cn|||||||||
=008  010206c19259999ncuqr\p\o\\\\\0\\\a0eng\c
=010  \\$a  2001213732$z  2001227382
=015  \\$aGBB414905$2bnb
=022  0\$a1534-7605$y0037-7732$l0037-7732$202
=035  \\$a(OCoLC)45856113
=037  \\$asf$bOxford University Press
=037  3\$aISSN_00377732$bPortico$nOxford University Press
=040  \\$aMdBJ$cMdBJ$dNSDP$dOCoLC$dMiU$dOCoLC$dNBuU$dOCoLC$dDS$dOCoLC$dDLC$dUk
=042  \\$aukblsr$aissnuk
=050  \4$aHN51$b.S5
=060  14$aW1$bSO104R
=082  04$a301.05$223
=130  0\$aSocial forces (Online)
=210  0\$aSoc. forces$b(Online)
=222  \0$aSocial forces$b(Online)
=245  10$aSocial forces$h[electronic resource] :$ba scientific medium of social study and interpretation.
=246  13$iChange of subtitle:$aSocial forces :$ban international journal of social research,$f<December 2011>-
=246  13$aSoc. F.
=246  13$aSF
=260  \\$a[Chapel Hill, N.C.] :$bpublished for the University of North Carolina Press by the Williams & Wilkins Co.
=264  21$3<Mar. 2001- >$a[Chapel Hill, N.C.] :$bpublished by the University of North Carolina Press for the Department of Sociology, with the assistance of the Institute for Research in Social Science, University of North Carolina at Chapel Hill
=264  21$32011-$aCary, NC :$bOxford University Press
=264  31$3<Mar. 2014- >$a[Cary, NC] :$bOxford University Press on behalf of the University of North Carolina at Chapel Hill
=310  \\$aQuarterly
=336  \\$atext$2rdacontent
=337  \\$acomputer$2rdamedia
=338  \\$aonline resource$2rdacarrier
=362  1\$aPrint began with vol. 4, no. 1 (Sept. 1925).
=540  \\$aCurrent Copyright Fee: GBP33.00$c29\0$5Uk
=550  \\$aIssued in association with the Southern Sociological Society, Sept. 1973-June 1977 and Sept. 1984-<2011>; published in partnership with the Department of Sociology at the University of North Carolina at Chapel Hill, <Mar. 2014- >.
=580  \\$aIncludes issues of earlier title: Journal of social forces.
=588  \\$aDescription based on first issue; title from caption (Hein Online, viewed Oct. 12, 2007).
=588  \\$aLatest issue consulted: volume 92, number 3 (March 2014) (Oxford Journals, viewed February 5, 2014).
=650  \0$aSocial change$vPeriodicals.
=650  \0$aSocial history$vPeriodicals.
=650  \0$aSociology$xResearch$vPeriodicals.
=710  2\$aSouthern Sociological Society (U.S.)
=710  2\$aUniversity of North Carolina at Chapel Hill.$bDepartment of Sociology.
=710  2\$aUniversity of North Carolina at Chapel Hill.$bInstitute for Research in Social Science.
=710  2\$aUniversity of North Carolina (1793-1962)
=776  08$iAlso issued in print:$tSocial forces$x0037-7732
=780  10$tJournal of social forces (Online)$x2163-6273
=852  41$aBritish Library$bHMNTS$jELD Digital store$3Volume 93:Number 2(2014:Dec.)-***Previous issues available in print copy
=852  41$aBritish Library$bDSC$j8318.089000$3Volume 75:Issue 2(1996)-Volume 101:Issue 1(2022)***See ESTAR for full holdings.
=856  \\$31850-9999$uhttp://ukcatalogue.oup.com/$xBLDSS
=856  4\$uhttp://firstsearch.oclc.org$zAddress for accessing the journal using authorization number and password through OCLC FirstSearch Electronic Collections Online
=856  40$32001-$uhttp://muse.jhu.edu/journals/sof
=856  40$uhttp://sf.oxfordjournals.org
=859  \\$aELD$bejournal
=859  \\$aXLD$bejournal$cSFX
=945  \\$aSocial forces
=959  \\$fCurrently available
=979  \\$aBritish Library$bDSC$j8318.089000
=985  \\$aRecord amended for WR# 13/070
=ACF  \\$aPrevious copyright fee: GBP22.00$c29\0$e01-dec-2011$fGBP22.00$g0$hP$5Uk
=ACF  \\$aPrevious copyright fee: GBP18.00$c29\0$e01-jan-2012$fGBP18.00$g0$hP$5Uk
=ACF  \\$aPrevious copyright fee: GBP20.00$c29\0$e01-jan-2013$fGBP20.00$g0$hP$5Uk
=ACF  \\$aPrevious copyright fee: GBP23.00$c29\0$e01-jan-2015$fGBP23.00$g0$hP$5Uk
=ACF  \\$aPrevious copyright fee: GBP24.00$c29\0$e01-jan-2016$fGBP24.00$g0$hP$5Uk
=ACF  \\$aPrevious copyright fee: GBP26.00$c29\0$e01-jan-2017$fGBP26.00$g0$hP$5Uk
=ACF  \\$aPrevious copyright fee: GBP27.00$c29\0$e01-jan-2018$fGBP27.00$g0$hP$5Uk
=ACF  \\$aPrevious copyright fee: GBP28.00$c29\0$e01-jan-2019$fGBP28.00$g0$hP$5Uk
=ACF  \\$aPrevious Copyright Fee: GBP20.00$c29\0$e01-jan-2020$fGBP20.00$g0$hP$5Uk
=CAT  \\$a12654$b40$c20111201$lBLL01$h1239
=CAT  \\$aBATCH-UPD$b40$c20141124$lBLL01$h1812
=CAT  \\$aBLDSS-3PM$b00$c20141208$lBLL01$h1628
=CAT  \\$aIPL-CLA$c20141231$lBLL01$h1702
=CAT  \\$aBATCH-UPD$b00$c20151119$lBLL01$h1552
=CAT  \\$aIPL-CLA$c20151231$lBLL01$h1933
=CAT  \\$aBATCH-UPD$b00$c20160524$lBLL01$h2214
=CAT  \\$aBATCH-UPD$b00$c20160525$lBLL01$h0054
=CAT  \\$aBATCH-UPD$b00$c20161122$lBLL01$h1522
=CAT  \\$aIPL-CLA$c20161230$lBLL01$h2359
=CAT  \\$aBATCH-UPD$b00$c20171121$lBLL01$h1705
=CAT  \\$aW1711-1005$c20171206$lBLL01$h1824
=CAT  \\$aIPL-CLA$c20171231$lBLL01$h1810
=CAT  \\$aBATCH-UPD$b00$c20181217$lBLL01$h1653
=CAT  \\$aIPL-CLA$c20181231$lBLL01$h1551
=CAT  \\$aW1910-0530$c20191007$lBLL01$h1114
=CAT  \\$aR1911-1518$c20191206$lBLL01$h1419
=CAT  \\$aIPL-CLA$c20191231$lBLL01$h2029
=CAT  \\$aBATCH-UPD$b00$c20220308$lBLL01$h1735
=CAT  \\$aIPL-CLA$c20220331$lBLL01$h1952
=CAT  \\$a12654$b40$c20221104$lBLL01$h1118
=CAT  \\$aS2302-1302$c20230322$lBLL01$h1708
=CAT  \\$aS2302-1302$c20230323$lBLL01$h1444
=CAT  \\$aIPL-CLA$c20230331$lBLL01$h1547
=CAT  \\$aS2304-0519$c20230412$lBLL01$h1140
=CAT  \\$aBATCH-SUPP$c20230426$lBLL01$h1110
=CFI  0\$aCurrent Copyright Fee: GBP33.00$c29\0$e01-apr-2023$fGBP33.00$g0$hP$5Uk
=CFI  2\$aPrevious copyright fee: GBP22.00$c29\0$e01-apr-2022$fGBP22.00$g0$hP$5Uk
=EST  \\$a1
=FFP  \\$aY$bBLDSS-3PM
=FIN  \\$aY$d20111221
=FMT  \\$a  SE
=LAS  \\$aBATCH-SUPP$b00$c20230426$lBLL01$h1110
=MNI  \\$a0037-7732
=SRC  \\$aBLL02
=TCO  \\$aTRS$bCCC$c008
=TOC  \\$aETOC
=UNO  \\$aY

