=LDR  05454cas a2201249 a 4500
=001  015980974
=003  Uk
=005  20230426111030.0
=006  m\\\\\\\\d\\\\\\\\
=007  cr\cnu||||||||
=008  990919c19679999enkqr\pss\o\\\0\\\a0eng\c
=010  \\$asn 99004658 
=015  \\$aGBB412388$2bnb
=022  \\$a1527-1897$y0022-4529
=035  \\$a(OCoLC)42392476
=037  \\$ajsh$bOxford University Press
=037  3\$aISSN_00224529$bPortico$nOxford University Press
=040  \\$aMdBJ$cMdBJ$dNSDP$dOCoLC$dMiU$dOCoLC$dUk
=042  \\$aukblsr
=050  14$aHN1
=082  04$a306.09$223
=130  0\$aJournal of social history (Online)
=210  0\$aJ. soc. hist.$b(Online)
=222  \0$aJournal of social history$b(Online)
=245  10$aJournal of social history$h[electronic resource].
=246  13$iAlso known as:$aJSH
=260  \\$aBerkeley, Los Angeles :$bUniversity of California Press
=260  2\$aNew Brunswick, NJ :$bRutgers University
=260  2\$3fall 1974-summer 1975$aLondon :$bCroom Helm
=260  2\$3fall 1975-summer 2000$aPittsburgh, Pa. :$bCarnegie-Mellon University
=260  2\$3fall 2000-winter 2010$aFairfax, Va. :$bGeorge Mason University
=260  3\$32011-$a[Oxford] :$bOxford University Press
=310  \\$aQuarterly
=336  \\$atext$2rdacontent
=337  \\$acomputer$2rdamedia
=338  \\$aonline resource$2rdacarrier
=362  0\$aVol. 1, no. 1 (fall 1967)-
=500  \\$aTitle from cover (JSTOR, viewed Mar. 14, 2007).
=530  \\$aAlso issued in print.
=540  \\$aCurrent Copyright Fee: GBP33.00$c29\0$5Uk
=588  \\$aLatest issue consulted: volume 47, number 2 (winter 2013) (Oxford Journals website, viewed February 4, 2014).
=650  \0$aSocial history$vPeriodicals.
=710  2\$aRutgers University.
=710  2\$aCarnegie Mellon University.
=710  2\$aGeorge Mason University.
=776  1\$tJournal of social history$x0022-4529
=852  41$aBritish Library$bHMNTS$jELD Digital store$3Volume 47:Number 3(2014:Spring)-***Previous issues available in print copy
=852  41$aBritish Library$bDSC$j5064.754000$3Volume 5:Issue 1(1971)-Volume 56:Issue 1(2022)***See ESTAR for full holdings.
=856  \\$31850-9999$uhttp://ukcatalogue.oup.com/$xBLDSS
=856  4\$uhttp://firstsearch.oclc.org$zAddress for accessing the journal using authorization number and password through OCLC FirstSearch Electronic Collections Online
=856  40$31967-2010$uhttp://www.jstor.org/journals/00224529.html
=856  40$3fall 1999-$uhttp://muse.jhu.edu/journals/journal_of_social_history
=856  40$uhttp://jsh.oxfordjournals.org/
=859  \\$aXLD$bejournal$cSFX
=859  \\$aELD$bejournal
=945  \\$aJournal of social history -Berkeley then Pittsburgh then Fairfax-
=959  \\$fCurrently available
=979  \\$aBritish Library$bDSC$j5064.754000
=ACF  \\$aPrevious copyright fee: GBP22.00$c29\0$e01-dec-2011$fGBP22.00$g0$hP$5Uk
=ACF  \\$aPrevious copyright fee: GBP14.00$c29\0$e01-jan-2012$fGBP14.00$g0$hP$5Uk
=ACF  \\$aPrevious copyright fee: GBP20.00$c29\0$e01-jan-2013$fGBP20.00$g0$hP$5Uk
=ACF  \\$aPrevious copyright fee: GBP23.00$c29\0$e01-jan-2015$fGBP23.00$g0$hP$5Uk
=ACF  \\$aPrevious copyright fee: GBP24.00$c29\0$e01-jan-2016$fGBP24.00$g0$hP$5Uk
=ACF  \\$aPrevious copyright fee: GBP26.00$c29\0$e01-jan-2017$fGBP26.00$g0$hP$5Uk
=ACF  \\$aPrevious copyright fee: GBP27.00$c29\0$e01-jan-2018$fGBP27.00$g0$hP$5Uk
=ACF  \\$aPrevious copyright fee: GBP28.00$c29\0$e01-jan-2019$fGBP28.00$g0$hP$5Uk
=ACF  \\$aPrevious Copyright Fee: GBP20.00$c29\0$e01-jan-2020$fGBP20.00$g0$hP$5Uk
=CAT  \\$a12654$b40$c20111201$lBLL01$h1334
=CAT  \\$aIPL-CLA$c20141231$lBLL01$h1702
=CAT  \\$aBATCH-UPD$b00$c20151119$lBLL01$h1552
=CAT  \\$aIPL-CLA$c20151231$lBLL01$h1933
=CAT  \\$aBATCH-UPD$b00$c20160524$lBLL01$h2214
=CAT  \\$aBATCH-UPD$b00$c20160525$lBLL01$h0054
=CAT  \\$aBATCH-UPD$b00$c20161122$lBLL01$h1522
=CAT  \\$aIPL-CLA$c20161230$lBLL01$h2359
=CAT  \\$aBATCH-UPD$b00$c20171121$lBLL01$h1705
=CAT  \\$aW1711-1005$c20171206$lBLL01$h1824
=CAT  \\$aIPL-CLA$c20171231$lBLL01$h1810
=CAT  \\$aBATCH-UPD$b00$c20181217$lBLL01$h1653
=CAT  \\$aIPL-CLA$c20181231$lBLL01$h1551
=CAT  \\$aW1910-0530$c20191007$lBLL01$h1114
=CAT  \\$aR1911-1518$c20191206$lBLL01$h1419
=CAT  \\$aIPL-CLA$c20191231$lBLL01$h2029
=CAT  \\$aBATCH-UPD$b00$c20210103$lBLL01$h2047
=CAT  \\$aBATCH-UPD$b00$c20220308$lBLL01$h1735
=CAT  \\$aIPL-CLA$c20220331$lBLL01$h1952
=CAT  \\$a12654$b40$c20221209$lBLL01$h1159
=CAT  \\$a12654$b40$c20221209$lBLL01$h1211
=CAT  \\$aS2302-1302$c20230322$lBLL01$h1708
=CAT  \\$aS2302-1302$c20230323$lBLL01$h1443
=CAT  \\$aIPL-CLA$c20230331$lBLL01$h1547
=CAT  \\$aS2304-0519$c20230412$lBLL01$h1140
=CAT  \\$aBATCH-SUPP$c20230426$lBLL01$h1110
=CFI  0\$aCurrent Copyright Fee: GBP33.00$c29\0$e01-apr-2023$fGBP33.00$g0$hP$5Uk
=CFI  2\$aPrevious copyright fee: GBP22.00$c29\0$e01-apr-2022$fGBP22.00$g0$hP$5Uk
=EST  \\$a1
=FFP  \\$aY$bBLDSS-3PM
=FIN  \\$aY$d20111222
=FMT  \\$a  SE
=LAS  \\$aBATCH-SUPP$b00$c20230426$lBLL01$h1110
=LET  \0$aJournal of social history (Online)
=MNI  \\$a0022-4529
=SRC  \\$aBLL02
=TCO  \\$aCLA$bCLA$c008
=TCO  \\$aTRS$bCCC$c008
=TOC  \\$aETOC
=UNO  \\$aY

