=LDR  05539cas a2201261 a 4500
=001  015981026
=003  Uk
=005  20230426111030.0
=006  m\\\\\\\\d\\\\\\\\
=007  cr\cnu||||||||
=008  010905c19569999dcuqr\pss\\\\\0\\\a0eng\d
=010  \\$a  2003215358
=015  \\$aGBB411951$2bnb
=022  \\$a1545-6846$y0037-8046
=035  \\$a(OCoLC)47907390
=037  \\$asw$bOxford University Press
=037  3\$aISSN_00378046$bPortico$nOxford University Press
=040  \\$aFCM-M$beng$cFCM-M$dOCoLC$dNSDP$dOCoLC$dCaQMU$dCSdS$dNSDP$dDLC$dOCoLC$dUk
=042  \\$ansdp$aukblsr
=050  \4$aHV1
=082  04$a361.3$223
=130  0\$aSocial work (New York, N.Y. : Online)
=210  1\$aSoc. work$b(N.Y. N.Y., Online)
=222  \0$aSocial work$b(New York, N.Y. Online)
=245  10$aSocial work$h[electronic resource].
=260  \\$aWashington, DC :$bNational Association of Social Workers
=260  3\$aWashington, DC :$bNASW Press
=310  \\$aQuarterly,$b<Jan. 2001- >
=321  \\$aBimonthly,$b<Nov. 1977-July 2000>
=321  \\$aQuarterly,$bJan. 1956-
=336  \\$atext$2rdacontent
=337  \\$acomputer$2rdamedia
=338  \\$aonline resource$2rdacarrier
=362  1\$aPrint began with v. 1 (Jan. 1956).
=490  0\$aHealth & wellness resource center
=500  \\$aProduced for NASW Press by Oxford Journals, a division of Oxford University Press".
=530  \\$aAlso issued in print; also issued in 16mm and 35mm microfilm, microfiche, and CD-ROM.
=540  \\$aCurrent Copyright Fee: GBP32.00$c29\0$5Uk
=588  \\$aDescription based on: Vol. 48, no. 31 (July 2003); title from title screen of HTML (viewed July 22, 2003).
=588  \\$aLatest issue consulted: volume 58, number 4 (October 2013) (Oxford Journals, viewed February 3, 2014).
=650  \0$aSocial service$vPeriodicals.
=650  \0$aSocial service$zUnited States$vPeriodicals.
=650  \0$aSocial policy$vPeriodicals.
=650  \0$aSocial problems$vPeriodicals.
=690  7\$aSocial Welfare$2blcoll
=710  2\$aNational Association of Social Workers.
=776  1\$tSocial work$x0037-8046
=776  1\$tSocial work (New York, N.Y. : CD-ROM)
=852  41$aBritish Library$bHMNTS$jELD Digital store$3Volume 59:Issue 1(2014:Jan.)-
=852  41$aBritish Library$bDSC$j8318.221100$3Volume 55:Issue 1(2010)-Volume 64:Issue 4(2019)***See ESTAR for full holdings.
=856  \\$31850-9999$uhttp://ukcatalogue.oup.com/$xBLDSS
=856  4\$uhttp://www.naswpress.org/publications/journals/social%5Fwork$zLink no longer valid
=856  40$uhttp://nasw.publisher.ingentaconnect.com/content/nasw/sw
=856  40$uhttp://sw.oxfordjournals.org/
=859  \\$aELD$bejournal
=859  \\$aXLD$bejournal$cSFX
=945  \\$aSocial work -Albany New York-
=959  \\$fCurrently available
=979  \\$aBritish Library$bDSC$j8318.221100
=ACF  \\$aPrevious copyright fee: GBP22.00$c29\0$e01-dec-2011$fGBP22.00$g0$hP$5Uk
=ACF  \\$aPrevious copyright fee: GBP18.00$c29\0$e01-jan-2012$fGBP18.00$g0$hP$5Uk
=ACF  \\$aPrevious copyright fee: GBP20.00$c29\0$e01-jan-2013$fGBP20.00$g0$hP$5Uk
=ACF  \\$aPrevious copyright fee: GBP23.00$c29\0$e01-jan-2015$fGBP23.00$g0$hP$5Uk
=ACF  \\$aPrevious copyright fee: GBP24.00$c29\0$e01-jan-2016$fGBP24.00$g0$hP$5Uk
=ACF  \\$aPrevious copyright fee: GBP26.00$c29\0$e01-jan-2017$fGBP26.00$g0$hP$5Uk
=ACF  \\$aPrevious copyright fee: GBP27.00$c29\0$e01-jan-2018$fGBP27.00$g0$hP$5Uk
=ACF  \\$aPrevious copyright fee: GBP28.00$c29\0$e01-jan-2019$fGBP28.00$g0$hP$5Uk
=ACF  \\$aPrevious Copyright Fee: GBP20.00$c29\0$e01-jan-2020$fGBP20.00$g0$hP$5Uk
=CAT  \\$a12654$b40$c20111201$lBLL01$h1405
=CAT  \\$aBATCH-UPD$b00$c20151119$lBLL01$h1552
=CAT  \\$aIPL-CLA$c20151231$lBLL01$h1933
=CAT  \\$a10983$b40$c20160404$lBLL01$h1208
=CAT  \\$aBATCH-UPD$b40$c20160522$lBLL01$h2352
=CAT  \\$aBATCH-UPD$b40$c20160524$lBLL01$h2214
=CAT  \\$aBATCH-UPD$b40$c20161122$lBLL01$h1522
=CAT  \\$aIPL-CLA$c20161230$lBLL01$h2359
=CAT  \\$aBATCH-UPD$b00$c20171121$lBLL01$h1705
=CAT  \\$aW1711-1005$c20171206$lBLL01$h1824
=CAT  \\$aIPL-CLA$c20171231$lBLL01$h1810
=CAT  \\$aBATCH-UPD$b00$c20181217$lBLL01$h1653
=CAT  \\$aIPL-CLA$c20181231$lBLL01$h1551
=CAT  \\$aW1910-0530$c20191007$lBLL01$h1114
=CAT  \\$aR1911-1518$c20191206$lBLL01$h1419
=CAT  \\$aIPL-CLA$c20191231$lBLL01$h2029
=CAT  \\$aBATCH-UPD$b00$c20220308$lBLL01$h1735
=CAT  \\$aIPL-CLA$c20220331$lBLL01$h1952
=CAT  \\$a12654$b40$c20221205$lBLL01$h1227
=CAT  \\$a12654$b40$c20221205$lBLL01$h1229
=CAT  \\$a12654$b40$c20221205$lBLL01$h1230
=CAT  \\$aS2302-1302$c20230322$lBLL01$h1708
=CAT  \\$aS2302-1302$c20230323$lBLL01$h1444
=CAT  \\$aIPL-CLA$c20230331$lBLL01$h1547
=CAT  \\$aS2304-0519$c20230412$lBLL01$h1140
=CAT  \\$aBATCH-SUPP$c20230426$lBLL01$h1110
=CFI  0\$aCurrent Copyright Fee: GBP32.00$c29\0$e01-apr-2023$fGBP32.00$g0$hP$5Uk
=CFI  2\$aPrevious copyright fee: GBP22.00$c29\0$e01-apr-2022$fGBP22.00$g0$hP$5Uk
=EST  \\$a1
=FFP  \\$aY$bBLDSS-3PM
=FIN  \\$aY$d20111221
=FMT  \\$a  SE
=LAS  \\$aBATCH-SUPP$b00$c20230426$lBLL01$h1110
=LET  \0$aSocial work (Electronic)
=LKR  \\$aPAR$b009878913$lBLL01$r776$mSocial work (New York, N.Y. Online)$nSocial work (New York, N.Y. Print)
=MNI  \\$a0037-8046
=SRC  \\$aBLL02
=TCO  \\$aTRS$bCCC$c008
=TOC  \\$aETOC
=UNO  \\$aY

