=LDR  05083cas a2201105 i 4500
=001  016018422
=003  Uk
=005  20230426111031.0
=006  m\\\\\\\\d\|\\\\\\
=007  cr||||||||||||
=008  120130c20139999enkmx\p\o\\\\\0\\\a0eng\\
=015  \\$aGBB350913$2bnb
=022  0\$a2049-632X$202
=037  \\$aISSN_2049632X$bPortico$nWiley
=037  2\$afemspd$bOxford University Press
=037  3\$aISSN_2049632X_4$bPortico$nOxford University Press
=040  \\$aUk$beng$cUk$erda
=042  \\$aukblsr$aissnuk
=082  04$a616.904105$223
=222  \0$aPathogens and disease
=245  00$aPathogens and disease /$cFederation of European Microbiological Societies.
=264  \1$a[Oxford] :$bJohn Wiley & Sons Ltd,$c2013-
=264  31$32015-$aOxford :$bOxford University Press
=310  \\$aNine times a year
=336  \\$atext$2rdacontent
=337  \\$acomputer$2rdamedia
=338  \\$aonline resource$2rdacarrier
=362  0\$aVolume 67, issue 1 (February 2013)-
=500  \\$aTitle from table of contents page (Wiley Online Library, viewed May 24, 2013).
=540  \\$aCurrent copyright fee: GBP32.00$c29\0$5Uk
=550  \\$aPublished on behalf of FEMS, Federation of European Microbiological Societies
=580  \\$aIncludes issues of earlier title: FEMS immunology and medical microbiology.
=588  \\$aLatest issue consulted: volume 73, issue 3 (01 April 2015) (Oxford University Press Journals, viewed March 16, 2015).
=650  \0$aMedical microbiology$vPeriodicals.
=650  \0$aPathogenic microorganisms$vPeriodicals.
=650  \0$aCommunicable diseases$xMicrobiology$vPeriodicals.
=650  \0$aCommunicable diseases$xPathogenesis$vPeriodicals.
=650  \0$aHost-parasite relationships$vPeriodicals.
=650  \0$aSystems biology$vPeriodicals.
=710  2\$aFederation of European Microbiological Societies,$eissuing body.
=780  10$tFEMS immunology and medical microbiology (Online)$x1574-695X
=852  41$aBritish Library$bDSC$j6412.743530$3Volume 67:Issue 1(2013)-Volume 77:Issue 9(2019)***See ESTAR for full holdings.
=852  41$aBritish Library$bHMNTS$jELD Digital store$3Volume 67:Issue 1(2013:Feb.)-***Previous issues available in print copy
=856  \\$31850-9999$uhttp://onlinelibrary.wiley.com/$xBLDSS
=856  40$ahttp://onlinelibrary.wiley.com/journal/10.1111/(ISSN)2049-632X
=856  40$uhttp://femspd.oxfordjournals.org/
=859  \\$aELD$bejournal
=859  \\$aXLD$bejournal$cSFX
=945  \\$aPathogens and disease
=959  \\$fCurrently available
=979  \\$aBritish Library$bDSC$j6412.743530
=985  \\$aISSN UK Centre note: C/T from 'FEMS immunology & medical microbiology' (Print ISSN 0928-8244, Online ISSN 1574-695X, both ISSN Netherlands resp.). ISSN UK, 30.01.2012
=ACF  \\$aPrevious copyright fee: GBP22.00$c10\0$e19-apr-2013$fGBP22.00$g0$hP$5Uk
=ACF  \\$aPrevious copyright fee: GBP23.00$c29\0$e01-jan-2015$fGBP23.00$g0$hP$5Uk
=ACF  \\$aPrevious copyright fee: GBP24.00$c29\0$e01-jan-2016$fGBP24.00$g0$hP$5Uk
=ACF  \\$aPrevious copyright fee: GBP26.00$c29\0$e01-jan-2017$fGBP26.00$g0$hP$5Uk
=ACF  \\$aPrevious copyright fee: GBP27.00$c29\0$e01-jan-2018$fGBP27.00$g0$hP$5Uk
=ACF  \\$aPrevious copyright fee: GBP28.00$c29\0$e01-jan-2019$fGBP28.00$g0$hP$5Uk
=CAT  \\$a11313$b40$c20120130$lBLL01$h1312
=CAT  \\$a8411$b40$c20150119$lBLL01$h1550
=CAT  \\$a8411$b40$c20150119$lBLL01$h1551
=CAT  \\$a12654$b40$c20150211$lBLL01$h1224
=CAT  \\$a11313$b40$c20150220$lBLL01$h1111
=CAT  \\$a11205$b40$c20150316$lBLL01$h1449
=CAT  \\$aBATCH-UPD$b40$c20151119$lBLL01$h1552
=CAT  \\$aIPL-CLA$c20151231$lBLL01$h1934
=CAT  \\$aBATCH-UPD$b00$c20160522$lBLL01$h2352
=CAT  \\$aBATCH-UPD$b00$c20160524$lBLL01$h2214
=CAT  \\$aBATCH-UPD$b00$c20161122$lBLL01$h1522
=CAT  \\$aIPL-CLA$c20161231$lBLL01$h0000
=CAT  \\$aBATCH-UPD$b00$c20171121$lBLL01$h1705
=CAT  \\$aW1711-1005$c20171206$lBLL01$h1824
=CAT  \\$aIPL-CLA$c20171231$lBLL01$h1811
=CAT  \\$aBATCH-UPD$b00$c20181217$lBLL01$h1653
=CAT  \\$aIPL-CLA$c20181231$lBLL01$h1551
=CAT  \\$a15005$b40$c20191014$lBLL01$h1113
=CAT  \\$aR1911-1518$c20191206$lBLL01$h1405
=CAT  \\$aIPL-CLA$c20191231$lBLL01$h2030
=CAT  \\$a12654$b40$c20210426$lBLL01$h1029
=CAT  \\$aBATCH-UPD$b40$c20220308$lBLL01$h1728
=CAT  \\$aIPL-CLA$c20220331$lBLL01$h1952
=CAT  \\$a12654$b40$c20230302$lBLL01$h0907
=CAT  \\$aS2302-1302$c20230322$lBLL01$h1708
=CAT  \\$aBATCH-SUPP$c20230426$lBLL01$h1110
=CFI  0\$aCurrent copyright fee: GBP32.00$c29\0$e01-apr-2022$fGBP32.00$g0$hP$5Uk
=CFI  2\$aPrevious Copyright Fee: GBP29.00$c29\0$e01-jan-2020$fGBP29.00$g0$hP$5Uk
=EST  \\$a1
=FFP  \\$aY$bBLDSS-3PM
=FIN  \\$aY$d20130524
=FMT  \\$a  SE
=LAS  \\$aBATCH-SUPP$b00$c20230426$lBLL01$h1110
=LKR  \\$aPAR$b012432976$lBLL01$nFEMS immunology and medical microbiology$mPathogens and disease$r78000
=MNI  \\$a2049-632X
=TOC  \\$aETOC
=UNO  \\$aY

