=LDR  04720cas a2201069 i 4500
=001  016037772
=003  Uk
=005  20230426111032.0
=006  m\\\\\\\\d\|\\\\\\
=007  cr||||||||||||
=008  120227c19699999enkmx\p\o\\\\\0\\\a0eng\\
=015  \\$aGBB411507$2bnb
=022  0\$a1945-239X$l0021-9665$202
=037  \\$achromsci$bOxford University Press
=037  3\$aISSN_00219665$bPortico$nOxford University Press
=040  \\$aUk$beng$cUk$dUk$erda
=042  \\$aissnuk$aukblsr
=082  04$a543.8$223
=210  0\$aJ. chromatogr. sci.$b(Online)
=222  \0$aJournal of chromatographic science$b(Online)
=245  00$aJournal of chromatographic science.
=246  13$aJCS
=264  \1$aEvanston, Illinois :$bPreston Technical Abstract Company,$c1969-
=264  21$aNiles, Illinois :$bPreston Publications
=264  31$aOxford :$bOxford University Press
=310  \\$aTen times a year,$b2002-
=321  \\$aMonthly,$b-2001
=336  \\$atext$2rdacontent
=337  \\$acomputer$2rdamedia
=338  \\$aonline resource$2rdacarrier
=362  0\$aVolume 7, number 1 (January 10, 1969)-
=500  \\$aTitle from contents page (Oxford journals, viewed January 30, 2014).
=540  \\$aCurrent Copyright Fee: GBP33.00$c29\0$5Uk
=580  \\$aIncludes issues of earlier title: Journal of gas chromatography.
=588  \\$aLatest issue consulted: volume 52, number 2 (February 2014) (viewed January 30, 2014).
=650  \0$aChromatographic analysis$vPeriodicals.
=776  08$iAlso issued in print as:$tJournal of chromatographic science$x0021-9665
=780  10$tJournal of gas chromatography (Online)
=852  41$aBritish Library$bHMNTS$jELD Digital store$3Volume 35:Number 9(1997:Sep.)-***Previous issues available in print copy
=852  41$aBritish Library$bDSC$j4958.300000$3Volume 36:Issue 10(1998)-Volume 60:Issue 9(2022)***See ESTAR for full holdings.
=856  \\$31850-9999$uhttp://ukcatalogue.oup.com/$xBLDSS
=856  40$uhttp://chromsci.oxfordjournals.org/
=859  \\$aELD$bejournal
=859  \\$aXLD$bejournal$cSFX
=945  \\$aJournal of chromatographic science.
=959  \\$fCurrently available
=979  \\$aBritish Library$bDSC$j4958.300000
=985  \\$aResponsibility for ISSN transferred to UK Centre from US Center, 27/02/12
=ACF  \\$aPrevious copyright fee: GBP20.00$c29\0$e11-dec-2013$fGBP20.00$g0$hP$5Uk
=ACF  \\$aPrevious copyright fee: GBP23.00$c29\0$e01-jan-2015$fGBP23.00$g0$hP$5Uk
=ACF  \\$aPrevious copyright fee: GBP24.00$c29\0$e01-jan-2016$fGBP24.00$g0$hP$5Uk
=ACF  \\$aPrevious copyright fee: GBP26.00$c29\0$e01-jan-2017$fGBP26.00$g0$hP$5Uk
=ACF  \\$aPrevious copyright fee: GBP27.00$c29\0$e01-jan-2018$fGBP27.00$g0$hP$5Uk
=ACF  \\$aPrevious copyright fee: GBP28.00$c29\0$e01-jan-2019$fGBP28.00$g0$hP$5Uk
=ACF  \\$aPrevious Copyright Fee: GBP20.00$c29\0$e01-jan-2020$fGBP20.00$g0$hP$5Uk
=CAT  \\$a10806$b40$c20120227$lBLL01$h1025
=CAT  \\$aIPL-CLA$c20141231$lBLL01$h1703
=CAT  \\$aBATCH-UPD$b00$c20150914$lBLL01$h0437
=CAT  \\$aBATCH-UPD$b00$c20151119$lBLL01$h1552
=CAT  \\$aIPL-CLA$c20151231$lBLL01$h1934
=CAT  \\$aBATCH-UPD$b00$c20160524$lBLL01$h2214
=CAT  \\$aBATCH-UPD$b00$c20160525$lBLL01$h0054
=CAT  \\$aBATCH-UPD$b00$c20161122$lBLL01$h1522
=CAT  \\$aIPL-CLA$c20161231$lBLL01$h0001
=CAT  \\$aBATCH-UPD$b00$c20171121$lBLL01$h1705
=CAT  \\$aW1711-1005$c20171206$lBLL01$h1824
=CAT  \\$aIPL-CLA$c20171231$lBLL01$h1812
=CAT  \\$aBATCH-UPD$b00$c20181217$lBLL01$h1653
=CAT  \\$aIPL-CLA$c20181231$lBLL01$h1552
=CAT  \\$aW1910-0530$c20191007$lBLL01$h1114
=CAT  \\$aR1911-1518$c20191206$lBLL01$h1419
=CAT  \\$aIPL-CLA$c20191231$lBLL01$h2030
=CAT  \\$aBATCH-UPD$b00$c20220308$lBLL01$h1735
=CAT  \\$aIPL-CLA$c20220331$lBLL01$h1952
=CAT  \\$a12654$b40$c20221214$lBLL01$h0907
=CAT  \\$aS2302-1302$c20230322$lBLL01$h1707
=CAT  \\$aS2302-1302$c20230322$lBLL01$h1708
=CAT  \\$aS2302-1302$c20230323$lBLL01$h1443
=CAT  \\$aIPL-CLA$c20230331$lBLL01$h1547
=CAT  \\$aS2304-0519$c20230412$lBLL01$h1140
=CAT  \\$aBATCH-SUPP$c20230426$lBLL01$h1110
=CFI  0\$aCurrent Copyright Fee: GBP33.00$c29\0$e01-apr-2023$fGBP33.00$g0$hP$5Uk
=CFI  2\$aPrevious copyright fee: GBP22.00$c29\0$e01-apr-2022$fGBP22.00$g0$hP$5Uk
=EST  \\$a1
=FFP  \\$aY$bBLDSS-3PM
=FIN  \\$aY$d20120227
=FMT  \\$a  SE
=LAS  \\$aBATCH-SUPP$b00$c20230426$lBLL01$h1110
=LKR  \\$aPAR$b010488573$lBLL01$nJournal of chromatographic science (Print)$mJournal of chromatographic science (Online)$r776
=MNI  \\$a0021-9665
=TOC  \\$aETOC
=UNO  \\$aY

