=LDR  04503cas a2201081 i 4500
=001  016055950
=003  Uk
=005  20230707085955.0
=006  m\\\\\\\\d\|\\\\\\
=007  cr||||||||||||
=008  120326c20139999enkqr\j\s\\\\\0\\\a0eng\\
=015  \\$aGBB345766$2bnb
=022  \\$a2050-0521$202
=037  \\$aISSN_20500513$bPortico$nWiley
=037  3\$aISSN_20500513_4$bPortico$nOxford University Press
=040  \\$aUk$beng$cUk$dUk$erda
=042  \\$aukblsr$aissnuk
=082  04$a616.69005$223
=210  0\$aSex. med. rev.$b(Online)
=222  \0$aSexual medicine reviews$b(Online)
=245  00$aSexual medicine reviews.
=246  13$aSMR
=246  17$aSex med rev
=260  \\$aChichester :$bJohn Wiley & Sons Ltd
=264  21$32016-$a[Philadelphia, Pennsylvania] :$bElsevier Inc.
=264  31$32023-$a[Oxford] :$bOxford University Press
=310  \\$aQuarterly
=336  \\$atext$2rdacontent
=337  \\$acomputer$2rdamedia
=338  \\$aonline resource$2rdacarrier
=362  0\$aVolume 1, issue 1 (May 2013)-
=500  \\$aTitle from journal home page (Wiley Online Library, viewed May 7, 2013).
=540  \\$aCurrent Copyright Fee: GBP30.00$c29\0$5Uk
=588  \\$aLatest issue consulted: volume 11, number 1 (January 2023) (Oxford Academic, viewed March 7, 2023).
=650  \0$aSexual disorders$vPeriodicals.
=710  2\$aInternational Society for Sexual Medicine,$eissuing body.
=776  08$iAlso issued in print as:$tSexual medicine reviews$x2050-0513
=852  41$aBritish Library$bDSC$j8254.484470$3Volume 1:Issue 1(2013)-Volume 5:Issue 4(2017)***See ESTAR for full holdings.
=852  41$aBritish Library$bHMNTS$jELD Digital store$3Volume 1:Issue 1(2013:May.)-
=856  \\$31850-9999$uhttp://onlinelibrary.wiley.com/$xBLDSS
=856  40$uhttp://www.sciencedirect.com/science/journal/20500521
=856  4\$uhttp://www.issm.info/journals1/sexual-medicine-reviews1/
=856  40$uhttps://academic.oup.com/smr
=859  \\$aELD$bejournal
=859  \\$aXLD$bejournal$cSFX
=945  \\$aSexual medicine reviews
=959  \\$fCurrently available
=959  \\$fHeld but not currently received
=979  \\$aBritish Library$bDSC$j8254.484470
=985  \\$aISSN responsibility transferred to ISSN Netherlands 8.7.16.
=985  \\$aISSN responsibility transferred from ISSN Netherlands to UK (13/03/23)
=ACF  \\$aPrevious copyright fee: GBP24.00$c35\0$e01-mar-2015$fGBP24.00$g0$hP$5Uk
=ACF  \\$aPrevious copyright fee: GBP22.00$c35\0$e19-mar-2013$fGBP22.00$g0$hP$5Uk
=ACF  \\$aPrevious copyright fee: GBP22.50$c5\1$e11-dec-2015$fGBP22.50$g0$hP$5Uk
=ACF  \\$aPrevious copyright fee: GBP23.40$c5\1$e01-jan-2018$fGBP23.40$g0$hP$5Uk
=ACF  \\$aPrevious copyright fee: GBP32.84$c5\1$e01-jul-2019$fGBP32.84$g0$hP$5Uk
=CAT  \\$a10973$b40$c20120326$lBLL01$h1100
=CAT  \\$a8439$b40$c20151229$lBLL01$h1145
=CAT  \\$a10973$b40$c20160311$lBLL01$h1314
=CAT  \\$a10973$b40$c20160311$lBLL01$h1358
=CAT  \\$a10973$b40$c20160317$lBLL01$h1230
=CAT  \\$a10973$b40$c20160708$lBLL01$h1313
=CAT  \\$a10806$b40$c20160720$lBLL01$h0955
=CAT  \\$aBATCH-UPD$b40$c20171121$lBLL01$h1754
=CAT  \\$aW1711-1005$c20171206$lBLL01$h1824
=CAT  \\$aIPL-CLA$c20171231$lBLL01$h1812
=CAT  \\$aW1805-0471$c20180520$lBLL01$h1140
=CAT  \\$aBATCH-UPD$b00$c20190521$lBLL01$h1445
=CAT  \\$aIPL-CLA$c20190630$lBLL01$h1546
=CAT  \\$aBATCH-UPD$b00$c20211119$lBLL01$h1601
=CAT  \\$aIPL-CLA$c20211231$lBLL01$h1545
=CAT  \\$a11450$b40$c20230118$lBLL01$h0856
=CAT  \\$a10806$b40$c20230307$lBLL01$h0908
=CAT  \\$a10806$b40$c20230313$lBLL01$h0735
=CAT  \\$aS2302-1302$c20230323$lBLL01$h1444
=CAT  \\$aIPL-CLA$c20230331$lBLL01$h1547
=CAT  \\$aBATCH-UNOA$c20230405$lBLL01$h0021
=CAT  \\$aS2304-0519$c20230412$lBLL01$h1140
=CAT  \\$a14586$b40$c20230421$lBLL01$h1349
=CAT  \\$a5410$b40$c20230425$lBLL01$h0824
=CAT  \\$aBATCH-SUPP$c20230426$lBLL01$h1110
=CAT  \\$a12654$b40$c20230707$lBLL01$h0859
=CFI  0\$aCurrent Copyright Fee: GBP30.00$c29\0$e01-apr-2023$fGBP30.00$g0$hP$5Uk
=CFI  2\$aPrevious copyright fee: GBP34.30$c5\1$e01-jan-2022$fGBP34.30$g0$hP$5Uk
=EST  \\$a1
=FFP  \\$aY$bBLDSS-3PM
=FIN  \\$aY$d20130507
=FMT  \\$a  SE
=LAS  \\$a12654$b40$c20230707$lBLL01$h0859
=LET  \0$aSexual medicine reviews (Online)
=MNI  \\$a2050-0513
=TOC  \\$aETOC
=UNO  \\$aY

