=LDR  05381cas a2201165 a 4500
=001  013808693
=003  Uk
=005  20230426110913.0
=006  m\\\\\o\\d\\\\\\\\
=007  cr\cn|||||||||
=008  021231c20039999enkqr\pso\\\\\0\\\a0eng\c
=010  \\$a2002253433
=015  \\$aGBB389007$2bnb
=022  0\$a1474-2659$202
=035  \\$a(OCoLC)51288295$z(OCoLC)213442545
=037  \\$aijclaw$bOxford University Press
=037  3\$aISSN_14742640$bPortico$nOxford University Press
=040  \\$aWAU$beng$cWAU$dOCL$dOCLCQ$dMUQ$dDOS$dOCLCQ$dAGL$dOCLCO$dUk
=042  \\$aissnuk$aukblsr
=050  14$aK9$b.N8437
=070  0\$aK3165$b.I58
=082  04$a342.005$223
=130  0\$aInternational journal of constitutional law (Online)
=222  \0$aInternational journal of constitutional law$b(Online)
=245  10$aInternational journal of constitutional law$h[electronic resource].
=246  13$aI-CON
=260  \\$aOxford :$bOxford University Press
=310  \\$aQuarterly
=336  \\$atext$2rdacontent
=337  \\$acomputer$2rdamedia
=338  \\$aonline resource$2rdacarrier
=362  0\$aVol. 1, issue 1 (Jan. 2003)-
=500  \\$aTitle from contents (viewed Dec. 31, 2002).
=530  \\$aAlso issued in print.
=540  \\$aCurrent Copyright Fee: GBP42.00$c29\0$5Uk
=588  \\$aLatest issue consulted: volume 11, issue 3 (July 2013); (Oxford Journals, viewed October 1, 2013).
=650  \0$aConstitutional law$vPeriodicals.
=710  2\$aNew York University.$bSchool of Law.
=776  08$iAlso issued in print as:$tInternational journal of constitutional law$x1474-2640
=852  41$aBritish Library$bDSC$j4542.175720$3Volume 1:Issue 1(2003)-Volume 9:Issue 3/4(2011)***See ESTAR for full holdings.
=852  41$aBritish Library$bHMNTS$jELD Digital store$3Volume 12:Number 1(2014:Jan.)-***Previous issues available in print copy
=856  \\$31850-9999$uhttp://ukcatalogue.oup.com/$xBLDSS
=856  4\$uhttp://firstsearch.oclc.org$zAddress for accessing the journal using authorization number and password through OCLC FirstSearch Electronic Collections Online
=856  4\$uhttp://firstsearch.oclc.org/journal=1474-2640;screen=info;ECOIP$zAddress for accessing the journal from an authorized IP address through OCLC FirstSearch Electronic Collections Online
=856  40$uhttp://icon.oxfordjournals.org/
=856  40$uhttp://www.heinonline.org/HOL/Index?index=journals/injcl&collection=fijournals
=859  \\$aXLD$bejournal$cSFX
=859  \\$aELD$bejournal
=945  \\$aInternational journal of constitutional law.
=959  \\$fCurrently available
=979  \\$aBritish Library$bDSC$j4542.175720
=985  \\$aCONFERENCE ANALYTIC RECORDS EXIST
=ACF  \\$aPrevious Copyright Fee: GBP16.00$c29\0$e03-aug-2007$fGBP16.00$g0$hP$5Uk
=ACF  \\$aPrevious copyright fee: GBP18.00$c29\0$e01-jan-2008$fGBP18.00$g0$hP$5Uk
=ACF  \\$aPrevious copyright fee: GBP20.00$c29\0$e01-jan-2013$fGBP20.00$g0$hP$5Uk
=ACF  \\$aPrevious copyright fee: GBP23.00$c29\0$e01-jan-2015$fGBP23.00$g0$hP$5Uk
=ACF  \\$aPrevious copyright fee: GBP24.00$c29\0$e01-jan-2016$fGBP24.00$g0$hP$5Uk
=ACF  \\$aPrevious copyright fee: GBP26.00$c29\0$e01-jan-2017$fGBP26.00$g0$hP$5Uk
=ACF  \\$aPrevious copyright fee: GBP27.00$c29\0$e01-jan-2018$fGBP27.00$g0$hP$5Uk
=ACF  \\$aPrevious copyright fee: GBP28.00$c29\0$e01-jan-2019$fGBP28.00$g0$hP$5Uk
=ACF  \\$aPrevious Copyright Fee: GBP29.00$c29\0$e01-jan-2020$fGBP29.00$g0$hP$5Uk
=CAT  \\$a7174$b40$c20070803$lBLL01$h1150
=CAT  \\$aBATCH-UPD$b40$c20141124$lBLL01$h1811
=CAT  \\$aBLDSS-3PM$b00$c20141208$lBLL01$h1626
=CAT  \\$aIPL-CLA$c20141231$lBLL01$h1656
=CAT  \\$aBATCH-UPD$b00$c20151119$lBLL01$h1551
=CAT  \\$aIPL-CLA$c20151231$lBLL01$h1926
=CAT  \\$aBATCH-UPD$b00$c20160524$lBLL01$h2211
=CAT  \\$aBATCH-UPD$b00$c20160525$lBLL01$h0028
=CAT  \\$aBATCH-UPD$b00$c20161122$lBLL01$h1521
=CAT  \\$aIPL-CLA$c20161230$lBLL01$h2220
=CAT  \\$aBATCH-UPD$b00$c20171121$lBLL01$h1704
=CAT  \\$aW1711-1005$c20171206$lBLL01$h1820
=CAT  \\$aIPL-CLA$c20171231$lBLL01$h1708
=CAT  \\$aBATCH-UPD$b00$c20181217$lBLL01$h1652
=CAT  \\$aIPL-CLA$c20181231$lBLL01$h1546
=CAT  \\$aW1910-0530$c20191007$lBLL01$h1114
=CAT  \\$aR1911-1518$c20191206$lBLL01$h1405
=CAT  \\$aIPL-CLA$c20191231$lBLL01$h1947
=CAT  \\$aBATCH-UPD$b00$c20220308$lBLL01$h1728
=CAT  \\$aIPL-CLA$c20220331$lBLL01$h1952
=CAT  \\$a12654$b40$c20230209$lBLL01$h1411
=CAT  \\$aS2302-1302$c20230322$lBLL01$h1708
=CAT  \\$aS2302-1302$c20230323$lBLL01$h1443
=CAT  \\$aIPL-CLA$c20230331$lBLL01$h1547
=CAT  \\$aS2304-0519$c20230412$lBLL01$h1139
=CAT  \\$aBATCH-SUPP$c20230426$lBLL01$h1109
=CFI  0\$aCurrent Copyright Fee: GBP42.00$c29\0$e01-apr-2023$fGBP42.00$g0$hP$5Uk
=CFI  2\$aPrevious copyright fee: GBP32.00$c29\0$e01-apr-2022$fGBP32.00$g0$hP$5Uk
=EST  \\$a1
=FFP  \\$aY$bBLDSS-3PM
=FIN  \\$aY$d20131001
=FMT  \\$a  SE
=LAS  \\$aBATCH-SUPP$b00$c20230426$lBLL01$h1109
=LKR  \\$aPAR$b009858372$lBLL01$r776$mInternational journal of constitutional law (Online)$nInternational journal of constitutional law (Print)
=MNI  \\$a1474-2640
=SID  \\$aZ39$bOCLC
=TCO  \\$aCLA$bCLA$c008
=TOC  \\$aETOC
=UNO  \\$aY

