=LDR  06342cas a2201297 a 4500
=001  013808738
=003  Uk
=005  20230426110914.0
=006  m\\\\\o\\d\\\\\\\\
=007  cr\cnu||||||||
=008  000913c19379999ncuqr\pso\\\\\0\\\a0eng\c
=010  \\$a2001211390$zsn 99023408
=015  \\$aGBB412333$2bnb
=022  0\$a1537-5331$l0033-362X$y0033-362X$202
=035  \\$a(OCoLC)45001845$z(OCoLC)41670016
=037  \\$apoq$bOxford University Press
=037  3\$aISSN_0033362X$bPortico$nOxford University Press
=040  \\$aDLM$beng$cDLM$dIUL$dNSD$dOCLCQ$dIUL$dOCL$dOCLCQ$dWEA$dOCLCQ$dOCLCF$dUk
=042  \\$aukblsr$aissnuk
=050  14$aHM261.A1$bP8
=082  04$a303.38$223
=130  0\$aPublic opinion quarterly (Online)
=210  0\$aPublic opin. q.$b(Online, Univ. Chic., Press)
=222  \0$aPublic opinion quarterly$b(Online. University of Chicago. Press)
=245  10$aPublic opinion quarterly$h[electronic resource].
=246  30$aPOQ
=260  \\$aPrinceton, N.J. :$bPublic Opinion Quarterly, Inc.,$c1937-
=264  31$aCary, NC :$bOxford University Press
=336  \\$atext$2rdacontent
=337  \\$acomputer$2rdamedia
=338  \\$aonline resource$2rdacarrier
=362  0\$aVol. 1, no. 1 (Jan. 1937)-
=500  \\$aTitle from title screen (JSTOR, viewed July 8, 1999).
=530  \\$aAlso issued in print.
=538  \\$aMode of access: World Wide Web.
=540  \\$aCurrent Copyright Fee: GBP32.00$c29\0$5Uk
=550  \\$aIssued under the editorial sponsorship of: School of Public Affairs, Princeton University, Jan. 1937-spring 1946; Princeton University, summer 1946-summer 1958; Woodrow Wilson School of Public and International Affairs, Princeton University, fall 1958-spring 1968; Advisory Committee on Communication, Columbia University, summer 1968-fall 1985.
=550  \\$aPublished for the American Association of Public Opinion Research.
=555  \\$aVols. 1 (1937)-46 (1982), issued as vol. 48, no. 1 A; v. 47 (1983)-54 (1990), in v. 54, no. 4.
=588  \\$aLatest issue consulted: volume 77, number 4 (winter 2013) (Oxford Journals website, viewed February 4, 2013).
=650  \0$aPublic opinion$vPeriodicals.
=650  \7$aPublic opinion.$2fast
=655  \7$aPeriodicals.$2fast
=690  7\$aSocial Welfare$2blcoll
=710  2\$aPrinceton University.$bSchool of Public Affairs.
=710  2\$aWoodrow Wilson School of Public and International Affairs.
=710  2\$aColumbia University.$bAdvisory Committee on Communication.
=710  2\$aAmerican Association for Public Opinion Research.
=776  1\$tPublic opinion quarterly$x0033-362X
=852  41$aBritish Library$bHMNTS$jELD Digital store$3Volume 78:Issue 1(2014)-
=852  41$aBritish Library$bDSC$j6967.850000$3Volume 64:Issue 1(2000)-Volume 78:Issue 4(2014)***See ESTAR for full holdings.
=856  \\$31850-9999$uhttp://ukcatalogue.oup.com/$xBLDSS
=856  4\$uhttp://firstsearch.oclc.org$zAddress for accessing the journal using authorization number and password through OCLC FirstSearch Electronic Collections Online
=856  4\$uhttp://firstsearch.oclc.org/journal=0033-362x;screen=info;ECOIP$zAddress for accessing the journal from an authorized IP address through OCLC FirstSearch Electronic Collections Online
=856  40$uhttp://poq.oxfordjournals.org/
=856  40$uhttp://www.journals.uchicago.edu/POQ/journal/index.html
=856  40$uhttp://www.jstor.org/journals/0033362X.html
=859  \\$aELD$bejournal
=859  \\$aXLD$bejournal$cSFX
=945  \\$aPublic opinion quarterly
=959  \\$fCurrently available
=979  \\$aBritish Library$bDSC$j6967.850000
=985  \\$aISSN responsibility transferred from U.S. Center to UK (04/09/18)
=ACF  \\$aPrevious Copyright Fee: GBP16.00$c29\0$e03-aug-2007$fGBP16.00$g0$hP$5Uk
=ACF  \\$aPrevious copyright fee: GBP18.00$c29\0$e01-jan-2008$fGBP18.00$g0$hP$5Uk
=ACF  \\$aPrevious copyright fee: GBP20.00$c29\0$e01-jan-2013$fGBP20.00$g0$hP$5Uk
=ACF  \\$aPrevious copyright fee: GBP23.00$c29\0$e01-jan-2015$fGBP23.00$g0$hP$5Uk
=ACF  \\$aPrevious copyright fee: GBP24.00$c29\0$e01-jan-2016$fGBP24.00$g0$hP$5Uk
=ACF  \\$aPrevious copyright fee: GBP26.00$c29\0$e01-jan-2017$fGBP26.00$g0$hP$5Uk
=ACF  \\$aPrevious copyright fee: GBP27.00$c29\0$e01-jan-2018$fGBP27.00$g0$hP$5Uk
=ACF  \\$aPrevious copyright fee: GBP28.00$c29\0$e01-jan-2019$fGBP28.00$g0$hP$5Uk
=ACF  \\$aPrevious Copyright Fee: GBP20.00$c29\0$e01-jan-2020$fGBP20.00$g0$hP$5Uk
=CAT  \\$a7174$b40$c20070803$lBLL01$h1226
=CAT  \\$aBATCH-UPD$b00$c20160525$lBLL01$h0028
=CAT  \\$aBATCH-UPD$b00$c20161122$lBLL01$h1521
=CAT  \\$aIPL-CLA$c20161230$lBLL01$h2220
=CAT  \\$aBATCH-UPD$b00$c20171121$lBLL01$h1704
=CAT  \\$aW1711-1005$c20171206$lBLL01$h1820
=CAT  \\$aIPL-CLA$c20171231$lBLL01$h1708
=CAT  \\$a10806$b40$c20180903$lBLL01$h1423
=CAT  \\$a10806$b40$c20180903$lBLL01$h1425
=CAT  \\$a10806$b40$c20180904$lBLL01$h1359
=CAT  \\$aBATCH-UPD$b40$c20181217$lBLL01$h1652
=CAT  \\$aIPL-CLA$c20181231$lBLL01$h1546
=CAT  \\$aW1910-0530$c20191007$lBLL01$h1114
=CAT  \\$aR1911-1518$c20191206$lBLL01$h1419
=CAT  \\$aIPL-CLA$c20191231$lBLL01$h1947
=CAT  \\$a5410$b40$c20200721$lBLL01$h2020
=CAT  \\$aBATCH-UPD$b40$c20220308$lBLL01$h1735
=CAT  \\$aIPL-CLA$c20220331$lBLL01$h1952
=CAT  \\$a5410$b40$c20221025$lBLL01$h0924
=CAT  \\$a12654$b40$c20230302$lBLL01$h1224
=CAT  \\$a12654$b40$c20230302$lBLL01$h1225
=CAT  \\$aS2302-1302$c20230322$lBLL01$h1708
=CAT  \\$aS2302-1302$c20230323$lBLL01$h1444
=CAT  \\$aIPL-CLA$c20230331$lBLL01$h1547
=CAT  \\$aS2304-0519$c20230412$lBLL01$h1139
=CAT  \\$aBATCH-SUPP$c20230426$lBLL01$h1109
=CFI  0\$aCurrent Copyright Fee: GBP32.00$c29\0$e01-apr-2023$fGBP32.00$g0$hP$5Uk
=CFI  2\$aPrevious copyright fee: GBP22.00$c29\0$e01-apr-2022$fGBP22.00$g0$hP$5Uk
=EST  \\$a1
=FFP  \\$aY$bBLDSS-3PM
=FIN  \\$aY$d20140204
=FMT  \\$a  SE
=LAS  \\$aBATCH-SUPP$b00$c20230426$lBLL01$h1109
=LKR  \\$aPAR$b008546143$lBLL01$r776$mPublic opinion quarterly (Online)$nPublic opinion quarterly (Print)
=MNI  \\$a0033-362X
=SID  \\$aZ39$bOCLC
=TCO  \\$aTRS$bCCC$c008
=TOC  \\$aETOC
=UNO  \\$aY

