=LDR  05509cas a2201201 a 4500
=001  013808895
=003  Uk
=005  20230426110914.0
=006  m\\\\\\\\d\\\\\\\\
=007  cr\|||||||||||
=008  010316c19909999enkfr\\\o\\\\\1\\\a0eng\c
=015  \\$aGBB415059$2bnb
=022  0\$a1745-6614$y0027-8874$202
=035  \\$a(OCoLC)46467741$z(OCoLC)607727306
=037  \\$ajncmon$bOxford University Press
=037  3\$aISSN_10526773$bPortico$nOxford University Press
=040  \\$aPIT$beng$cPIT$dOCLCQ$dFTU$dOCLCQ$dOCL$dEEM$dTXJ$dMYG$dOCLCQ$dOCLCE$dOCLCQ$dOCLCF$dUk
=042  \\$aukblsr$aissnuk
=050  00$aRC261.A2$bJ68
=082  04$a616.994$223
=130  0\$aJournal of the National Cancer Institute.$pMonographs (Online)
=222  \0$aJournal of the National Cancer Institute. Monographs$b(Online)
=245  10$aJournal of the National Cancer Institute.$pMonographs$h[electronic resource].
=246  30$aMonographs
=246  13$aJNCI monographs
=260  \\$a[Cary, NC] :$bOxford University Press
=310  \\$aTwo issues yearly,$b2008-
=321  \\$aIrregular,$b-2007
=336  \\$atext$2rdacontent
=337  \\$acomputer$2rdamedia
=338  \\$aonline resource$2rdacarrier
=362  1\$aPrint began with no. 10 (1990).
=500  \\$aSome issues also have distinctive titles.
=540  \\$aCurrent Copyright Fee: GBP32.00$c29\0$5Uk
=580  \\$aOriginal print version of this title was preceded by an earlier title: NCI monographs.
=588  \\$aDescription based on: No. 23 (Apr. 1998); title from publication homepage (Oxford Journals, viewed Mar. 25, 2009).
=588  \\$aLatest issue consulted: number 47 (2013) (viewed February 6, 2014).
=650  \0$aCancer$vPeriodicals.
=650  \0$aCancer$vCongresses.
=710  2\$31990-1995$aNational Cancer Institute (U.S.)
=772  0\$tJournal of the National Cancer Institute (Online)$x1460-2105
=776  08$iPrint version:$tJournal of the National Cancer Institute. Monographs$x1052-6773
=852  41$aBritish Library$bHMNTS$jELD Digital store$3Issue 48(2014)-
=852  41$aBritish Library$bDSC$j5914.670000$3Issue 33(2004)-Issue 43(2011)***See ESTAR for full holdings.
=856  \\$31850-9999$uhttp://ukcatalogue.oup.com/$xBLDSS
=856  40$uhttp://jncicancerspectrum.oupjournals.org/jncimono
=856  40$uhttp://jncimono.oxfordjournals.org
=856  40$uhttp://www.oxfordjournals.org/content?genre=journal&issn=1052-6773
=859  \\$aELD$bejournal
=859  \\$aXLD$bejournal$cSFX
=945  \\$aMonographs- National Cancer Institute
=959  \\$fCurrently available
=979  \\$aBritish Library$bDSC$j5914.670000
=985  \\$aCONFERENCE ANALYTIC RECORDS EXIST
=ACF  \\$aPrevious Copyright Fee: GBP16.00$c29\0$e03-aug-2007$fGBP16.00$g0$hP$5Uk
=ACF  \\$aPrevious copyright fee: GBP18.00$c29\0$e01-jan-2008$fGBP18.00$g0$hP$5Uk
=ACF  \\$aPrevious copyright fee: GBP20.00$c29\0$e01-jan-2013$fGBP20.00$g0$hP$5Uk
=ACF  \\$aPrevious copyright fee: GBP23.00$c29\0$e01-jan-2015$fGBP23.00$g0$hP$5Uk
=ACF  \\$aPrevious copyright fee: GBP24.00$c29\0$e01-jan-2016$fGBP24.00$g0$hP$5Uk
=ACF  \\$aPrevious copyright fee: GBP26.00$c29\0$e01-jan-2017$fGBP26.00$g0$hP$5Uk
=ACF  \\$aPrevious copyright fee: GBP27.00$c29\0$e01-jan-2018$fGBP27.00$g0$hP$5Uk
=ACF  \\$aPrevious copyright fee: GBP28.00$c29\0$e01-jan-2019$fGBP28.00$g0$hP$5Uk
=ACF  \\$aPrevious Copyright Fee: GBP20.00$c29\0$e01-jan-2020$fGBP20.00$g0$hP$5Uk
=CAT  \\$a7174$b40$c20070803$lBLL01$h1442
=CAT  \\$aIPL-CLA$c20141231$lBLL01$h1656
=CAT  \\$a10983$b40$c20150624$lBLL01$h1622
=CAT  \\$aBATCH-UPD$b40$c20151119$lBLL01$h1551
=CAT  \\$aIPL-CLA$c20151231$lBLL01$h1926
=CAT  \\$aBATCH-UPD$b00$c20160524$lBLL01$h2211
=CAT  \\$aBATCH-UPD$b00$c20160525$lBLL01$h0028
=CAT  \\$aBATCH-UPD$b00$c20161122$lBLL01$h1521
=CAT  \\$aIPL-CLA$c20161230$lBLL01$h2220
=CAT  \\$aBATCH-UPD$b00$c20171121$lBLL01$h1704
=CAT  \\$aW1711-1005$c20171206$lBLL01$h1820
=CAT  \\$aIPL-CLA$c20171231$lBLL01$h1708
=CAT  \\$aBATCH-UPD$b00$c20181217$lBLL01$h1652
=CAT  \\$aIPL-CLA$c20181231$lBLL01$h1546
=CAT  \\$aW1910-0530$c20191007$lBLL01$h1114
=CAT  \\$aR1911-1518$c20191206$lBLL01$h1419
=CAT  \\$aIPL-CLA$c20191231$lBLL01$h1947
=CAT  \\$a5410$b40$c20211005$lBLL01$h0859
=CAT  \\$aBATCH-UPD$b40$c20220308$lBLL01$h1735
=CAT  \\$aIPL-CLA$c20220331$lBLL01$h1952
=CAT  \\$a12654$b40$c20230221$lBLL01$h1344
=CAT  \\$aS2302-1302$c20230322$lBLL01$h1708
=CAT  \\$aS2302-1302$c20230323$lBLL01$h1443
=CAT  \\$aIPL-CLA$c20230331$lBLL01$h1547
=CAT  \\$aS2304-0519$c20230412$lBLL01$h1139
=CAT  \\$aBATCH-SUPP$c20230426$lBLL01$h1109
=CFI  0\$aCurrent Copyright Fee: GBP32.00$c29\0$e01-apr-2023$fGBP32.00$g0$hP$5Uk
=CFI  2\$aPrevious copyright fee: GBP22.00$c29\0$e01-apr-2022$fGBP22.00$g0$hP$5Uk
=EST  \\$a1
=FFP  \\$aY$bBLDSS-3PM
=FIN  \\$aY$d20140206
=FMT  \\$a  SE
=LAS  \\$aBATCH-SUPP$b00$c20230426$lBLL01$h1109
=LKR  \\$aPAR$b012433612$lBLL01$nJournal of the National Cancer Institute$mJournal of the National Cancer Institute. Monographs$r772
=LKR  \\$aPAR$b011768595$lBLL01$r776$mJournal of the National Cancer Institute. Monographs (Online)$nJournal of the National Cancer Institute. Monographs (Print)
=MNI  \\$a1052-6773
=SID  \\$aZ39$bOCLC
=TCO  \\$aTRS$bCCC$c008
=TOC  \\$aETOC
=UNO  \\$aY

