=LDR  04898cas a2201165 a 4500
=001  013942973
=003  Uk
=005  20230426110917.0
=006  m\\\\\o\\d\\\\\\\\
=007  cr\|||||||||||
=008  031030c19889999enkqr\pso\o\\\0\\\a0eng\c
=010  \\$a2005236615
=015  \\$aGBB411492$2bnb
=016  7\$a024747556$2de-101
=016  7\$a21114432$2de-600
=022  0\$a1741-7279$l0952-4649$202
=035  \\$a(OCoLC)53316812
=037  \\$adesign$bOxford University Press
=037  3\$aISSN_09524649$bPortico$nOxford University Press
=040  \\$aJNA$beng$cJNA$dOCLCQ$dOCL$dEYM$dHUL$dOCLCQ$dGBVCP$dAGL$dUk
=042  \\$aissnuk$aukblsr
=050  14$aNK1175
=070  0\$aNK1175$b.J68
=082  04$a745.4$223
=130  0\$aJournal of design history (Online)
=210  0\$aJ. des. hist.$b(Online)
=222  \0$aJournal of design history$b(Online)
=245  10$aJournal of design history$h[electronic resource].
=246  30$aDesign history
=260  \\$aOxford, England :$bOxford University Press,$c1988-
=310  \\$aQuarterly
=336  \\$atext$2rdacontent
=337  \\$acomputer$2rdamedia
=338  \\$aonline resource$2rdacarrier
=362  0\$aVol. 1, no. 1 (1988)-
=500  \\$aTitle from title screen (JSTOR, viewed Mar. 9, 2005).
=540  \\$aCurrent Copyright Fee: GBP32.00$c29\0$5Uk
=550  \\$aPublished as the journal of the Design History Society.
=588  \\$aLatest issue consulted: volume 26, number 4 (2013) (Oxford journals, viewed January 30, 2014).
=650  \0$aDesign$xHistory$vPeriodicals.
=710  2\$aDesign History Society.
=776  08$iAlso issued in print as:$tJournal of design history$x0952-4649
=852  41$aBritish Library$bHMNTS$jELD Digital store$3Volume 13:Number 3(2000)-***Previous issues available in print copy
=852  41$aBritish Library$bDSC$j4968.815000$3Volume 13:Issue 2(2000)-Volume 35:Issue 2(2022)***See ESTAR for full holdings.
=856  \\$31850-9999$uhttp://ukcatalogue.oup.com/$xBLDSS
=856  40$uhttp://jdh.oxfordjournals.org/
=859  \\$aELD$bejournal
=859  \\$aXLD$bejournal$cSFX
=945  \\$aJournal of design history
=959  \\$fCurrently available
=979  \\$aBritish Library$bDSC$j4968.815000
=ACF  \\$aPrevious Copyright Fee: GBP13.00$c29\0$e12-sep-2007$fGBP13.00$g0$hP$5Uk
=ACF  \\$aPrevious copyright fee: GBP14.00$c29\0$e01-jan-2008$fGBP14.00$g0$hP$5Uk
=ACF  \\$aPrevious copyright fee: GBP20.00$c29\0$e01-jan-2013$fGBP20.00$g0$hP$5Uk
=ACF  \\$aPrevious copyright fee: GBP16.00$c29\0$e01-jan-2015$fGBP16.00$g0$hP$5Uk
=ACF  \\$aPrevious copyright fee: GBP17.00$c29\0$e01-jan-2016$fGBP17.00$g0$hP$5Uk
=ACF  \\$aPrevious copyright fee: GBP18.00$c29\0$e01-jan-2017$fGBP18.00$g0$hP$5Uk
=ACF  \\$aPrevious copyright fee: GBP19.00$c29\0$e01-jan-2018$fGBP19.00$g0$hP$5Uk
=ACF  \\$aPrevious copyright fee: GBP20.00$c29\0$e01-jan-2019$fGBP20.00$g0$hP$5Uk
=ACF  \\$aPrevious Copyright Fee: GBP20.00$c29\0$e01-jan-2020$fGBP20.00$g0$hP$5Uk
=CAT  \\$a7174$b40$c20070912$lBLL01$h1522
=CAT  \\$aBATCH-UPD$b00$c20151119$lBLL01$h1553
=CAT  \\$aBATCH-UPD$b00$c20151119$lBLL01$h1554
=CAT  \\$aBATCH-UPD$b00$c20151213$lBLL01$h1327
=CAT  \\$aIPL-CLA$c20151231$lBLL01$h1926
=CAT  \\$aBATCH-UPD$b00$c20160524$lBLL01$h2211
=CAT  \\$aBATCH-UPD$b00$c20160525$lBLL01$h0029
=CAT  \\$aBATCH-UPD$b00$c20161122$lBLL01$h1516
=CAT  \\$aIPL-CLA$c20161230$lBLL01$h2227
=CAT  \\$aBATCH-UPD$b00$c20171121$lBLL01$h1659
=CAT  \\$aW1711-1005$c20171206$lBLL01$h1820
=CAT  \\$aIPL-CLA$c20171231$lBLL01$h1713
=CAT  \\$aBATCH-UPD$b00$c20181217$lBLL01$h1654
=CAT  \\$aIPL-CLA$c20181231$lBLL01$h1546
=CAT  \\$aW1910-0530$c20191007$lBLL01$h1114
=CAT  \\$aR1911-1518$c20191206$lBLL01$h1419
=CAT  \\$aIPL-CLA$c20191231$lBLL01$h1950
=CAT  \\$aBATCH-UPD$b00$c20220308$lBLL01$h1735
=CAT  \\$aIPL-CLA$c20220331$lBLL01$h1952
=CAT  \\$a12654$b40$c20221104$lBLL01$h0947
=CAT  \\$aS2302-1302$c20230322$lBLL01$h1707
=CAT  \\$aS2302-1302$c20230322$lBLL01$h1708
=CAT  \\$aS2302-1302$c20230323$lBLL01$h1443
=CAT  \\$aIPL-CLA$c20230331$lBLL01$h1547
=CAT  \\$aS2304-0519$c20230412$lBLL01$h1139
=CAT  \\$aBATCH-SUPP$c20230426$lBLL01$h1109
=CFI  0\$aCurrent Copyright Fee: GBP32.00$c29\0$e01-apr-2023$fGBP32.00$g0$hP$5Uk
=CFI  2\$aPrevious copyright fee: GBP22.00$c29\0$e01-apr-2022$fGBP22.00$g0$hP$5Uk
=EST  \\$a1
=FFP  \\$aY$bBLDSS-3PM
=FIN  \\$aY$d20131001
=FIN  \\$aY$b20221104
=FMT  \\$a  SE
=LAS  \\$aBATCH-SUPP$b00$c20230426$lBLL01$h1109
=LKR  \\$aPAR$b011823190$lBLL01$r776$mJournal of design history (Online)$nJournal of design history (Print)
=MNI  \\$a0952-4649
=SID  \\$aZ39$bOCLC
=TCO  \\$aCLA$bCLA$c008
=TOC  \\$aETOC
=UNO  \\$aY

