=LDR  05334cas a2201273 a 4500
=001  013943103
=003  Uk
=005  20230426110917.0
=006  m\\\\\o\\d\\\\\\\\
=007  cr\|||||||||||
=008  960826c19229999ja\mr\pso\\\\\0\\\a0eng\c
=010  \\$asn 96047844 
=015  \\$aGBB409945$2bnb
=022  0\$a1756-2651$y0021-924X$202
=035  \\$a(OCoLC)35304571
=037  \\$ajbchem$bOxford University Press
=037  3\$aISSN_0021924X$bPortico$nOxford University Press
=040  \\$aWaU$beng$cWaU$dGU$dOCoLC$dDLC$dIdU$dOCoLC$dCaQMU$dNBuU-H$dMiEM$dOCoLC$dWaSeSS$dOCoLC$dUk
=041  0\$aeng$afre$ager
=042  \\$aissnuk$aukblsr
=050  14$aQP501
=060  \4$aW1 JO563E
=082  04$a572.05$223
=130  0\$aJournal of biochemistry (Online)
=210  0\$aJ. biochem.$b(Online)
=222  \4$aThe journal of biochemistry$b(Online)
=245  14$aThe journal of biochemistry$h[electronic resource].
=246  13$aJB
=260  \\$aTokyo, Japan :$bJapanese Biochemical Society
=260  3\$aOxford :$bOxford University Press
=310  \\$aMonthly
=336  \\$atext$2rdacontent
=337  \\$acomputer$2rdamedia
=338  \\$aonline resource$2rdacarrier
=362  1\$aPrint began with vol. 1, no. 1 (Jan. 1922).
=510  2\$aChemical abstracts,$x0009-2258
=530  \\$aAlso issued in print.
=538  \\$aMode of access: World Wide Web.
=540  \\$aCurrent Copyright Fee: GBP33.00$c29\0$5Uk
=588  \\$aDescription based on: Vol. 119, no. 1 (Jan. 1996); title from issue contents page.
=588  \\$aLatest issue consulted:volume 155, number 1 (January 2014) (Oxford Journals, viewed January 28, 2014).
=650  \0$aBiochemistry$vPeriodicals.
=650  \2$aBiochemistry$vPeriodicals.
=655  \0$aElectronic journals.
=710  2\$aNihon Seikagakkai.
=776  0\$tJournal of biochemistry$x0021-924X
=776  1\$tJournal of biochemistry$x0021-924X
=852  41$aBritish Library$bDSC$j4952.000000$3Volume 133:Issue 2(2003)-Volume 167:Issue 2(2020)***See ESTAR for full holdings.
=852  41$aBritish Library$bHMNTS$jELD Digital store$3Volume 155:Number 1(2014:Jan.)-
=856  \\$31850-9999$uhttp://ukcatalogue.oup.com/$xBLDSS
=856  40$32000-2002$uhttp://wwwsoc.nii.ac.jp/jbiochem/jb/index.htm
=856  40$32003-$uhttp://jb.oupjournals.org/
=856  40$uhttp://jb.oxfordjournals.org/
=856  40$uhttp://www.bcasj.or.jp/jbindex.html
=859  \\$aELD$bejournal
=859  \\$aXLD$bejournal$cSFX
=945  \\$aJournal of biochemistry -Tokyo then Oxford-
=959  \\$fCurrently available
=979  \\$aBritish Library$bDSC$j4952.000000
=ACF  \\$aPrevious Copyright Fee: GBP16.00$c29\0$e13-sep-2007$fGBP16.00$g0$hP$5Uk
=ACF  \\$aPrevious copyright fee: GBP18.00$c29\0$e01-jan-2008$fGBP18.00$g0$hP$5Uk
=ACF  \\$aPrevious copyright fee: GBP20.00$c29\0$e01-jan-2013$fGBP20.00$g0$hP$5Uk
=ACF  \\$aPrevious copyright fee: GBP23.00$c29\0$e01-jan-2015$fGBP23.00$g0$hP$5Uk
=ACF  \\$aPrevious copyright fee: GBP24.00$c29\0$e01-jan-2016$fGBP24.00$g0$hP$5Uk
=ACF  \\$aPrevious copyright fee: GBP26.00$c29\0$e01-jan-2017$fGBP26.00$g0$hP$5Uk
=ACF  \\$aPrevious copyright fee: GBP27.00$c29\0$e01-jan-2018$fGBP27.00$g0$hP$5Uk
=ACF  \\$aPrevious copyright fee: GBP28.00$c29\0$e01-jan-2019$fGBP28.00$g0$hP$5Uk
=ACF  \\$aPrevious Copyright Fee: GBP20.00$c29\0$e01-jan-2020$fGBP20.00$g0$hP$5Uk
=CAT  \\$a7174$b40$c20070913$lBLL01$h0953
=CAT  \\$aIPL-CLA$c20141231$lBLL01$h1656
=CAT  \\$aBATCH-UPD$b00$c20151119$lBLL01$h1551
=CAT  \\$aIPL-CLA$c20151231$lBLL01$h1926
=CAT  \\$aBATCH-UPD$b00$c20160524$lBLL01$h1130
=CAT  \\$aBATCH-UPD$b00$c20160524$lBLL01$h2211
=CAT  \\$aBATCH-UPD$b00$c20161122$lBLL01$h1521
=CAT  \\$aIPL-CLA$c20161230$lBLL01$h2227
=CAT  \\$aBATCH-UPD$b00$c20171121$lBLL01$h1704
=CAT  \\$aW1711-1005$c20171206$lBLL01$h1820
=CAT  \\$aIPL-CLA$c20171231$lBLL01$h1713
=CAT  \\$aBATCH-UPD$b00$c20181217$lBLL01$h1652
=CAT  \\$aIPL-CLA$c20181231$lBLL01$h1546
=CAT  \\$aW1910-0530$c20191007$lBLL01$h1114
=CAT  \\$aR1911-1518$c20191206$lBLL01$h1419
=CAT  \\$aIPL-CLA$c20191231$lBLL01$h1950
=CAT  \\$a12654$b40$c20210426$lBLL01$h0955
=CAT  \\$a5410$b40$c20210812$lBLL01$h1111
=CAT  \\$aBATCH-UPD$b40$c20220308$lBLL01$h1735
=CAT  \\$aIPL-CLA$c20220331$lBLL01$h1952
=CAT  \\$a12654$b40$c20230222$lBLL01$h0853
=CAT  \\$aS2302-1302$c20230322$lBLL01$h1708
=CAT  \\$aS2302-1302$c20230323$lBLL01$h1443
=CAT  \\$aIPL-CLA$c20230331$lBLL01$h1547
=CAT  \\$aS2304-0519$c20230412$lBLL01$h1139
=CAT  \\$aBATCH-SUPP$c20230426$lBLL01$h1109
=CFI  0\$aCurrent Copyright Fee: GBP33.00$c29\0$e01-apr-2023$fGBP33.00$g0$hP$5Uk
=CFI  2\$aPrevious copyright fee: GBP22.00$c29\0$e01-apr-2022$fGBP22.00$g0$hP$5Uk
=EST  \\$a1
=FFP  \\$aY$bBLDSS-3PM
=FIN  \\$aY$d20100812
=FMT  \\$a  SE
=LAS  \\$aBATCH-SUPP$b00$c20230426$lBLL01$h1109
=LET  \0$aJournal of biochemistry (Electronic)
=LKR  \\$aPAR$b010488252$lBLL01$r776$mThe journal of biochemistry (Online)$nJournal of biochemistry (Tokyo)
=MNI  \\$a0021-924X
=SRC  \\$aBLL02
=TCO  \\$aCLA$bCLA$c008
=TCO  \\$aJPN$bJAACC$c008
=TOC  \\$aETOC
=UNO  \\$aY

