=LDR  05128cas a2201177 a 4500
=001  013943356
=003  Uk
=005  20230426110917.0
=006  m\\\\\o\\d\\\\\\\\
=007  cr\bn|||||||||
=008  050614c20019999enkqr\pso\g\\\0\\\a0eng\c
=010  \\$a2007247678
=015  \\$aGBB409546$2bnb
=022  0\$a1744-1021$202
=035  \\$a(OCoLC)60618249$z(OCoLC)174054641$z(OCoLC)315913719
=037  \\$ahrlr$bOxford University Press
=037  3\$aISSN_14617781$bPortico$nOxford University Press
=040  \\$aOCLCS$beng$cOCLCS$dGAO$dBUF$dTULAW$dTXJ$dOCLCQ$dAGL$dOCLCQ$dOCLCO$dUk
=042  \\$aissnuk$aukblsr
=050  00$aK8$b.U457
=070  0\$aK3236.3$b.H86
=082  04$a341.48105$223
=130  0\$aHuman rights law review (Online)
=210  0\$aHum. rights law rev.$b(Online)
=222  \0$aHuman rights law review$b(Online)
=245  10$aHuman rights law review$h[electronic resource].
=260  \\$aNottingham, U.K. :$bNottingham University Press,$c[2001-]
=260  3\$32005-$aOxford :$bOxford University Press
=310  \\$aFour issues a year,$b2007-
=321  \\$aThree no. a year,$b2006
=321  \\$aSemiannual,$b2001-2005
=336  \\$atext$2rdacontent
=337  \\$acomputer$2rdamedia
=338  \\$aonline resource$2rdacarrier
=362  0\$aVol. 1, no. 1 (spring 2001)-
=500  \\$aTitle from cover PDF (Oxford Journals website, viewed Aug. 8, 2007).
=530  \\$aAlso issued in print.
=540  \\$aCurrent Copyright Fee: GBP32.00$c29\0$5Uk
=550  \\$aIssued by: Human Rights Law Centre, University of Nottingham School of Law.
=588  \\$aLatest issue consulted: volume 13, number 4 (December 2013) (Oxford Journals, viewed January 27, 2014).
=650  \0$aHuman rights$vPeriodicals.
=710  2\$aUniversity of Nottingham.$bHuman Rights Law Centre,$eissuing body.
=776  08$iAlso issued in print as:$tHuman rights law review$x1461-7781
=852  41$aBritish Library$bHMNTS$jELD Digital store$3Volume 14:Number 1(2014)-***Previous issues available in print copy
=852  41$aBritish Library$bDSC$j4336.440550$3Volume 5:Issue 1(2005)-Volume 11:Issue 4(2011)***See ESTAR for full holdings.
=856  \\$31850-9999$uhttp://ukcatalogue.oup.com/$xBLDSS
=856  40$uhttp://hrlr.oxfordjournals.org/
=859  \\$aXLD$bejournal$cSFX
=859  \\$aELD$bejournal
=945  \\$aHuman rights law review
=959  \\$fCurrently available
=979  \\$aBritish Library$bDSC$j4336.440550
=ACF  \\$aPrevious Copyright Fee: GBP16.00$c29\0$e13-sep-2007$fGBP16.00$g0$hP$5Uk
=ACF  \\$aPrevious copyright fee: GBP18.00$c29\0$e01-jan-2008$fGBP18.00$g0$hP$5Uk
=ACF  \\$aPrevious copyright fee: GBP20.00$c29\0$e01-jan-2013$fGBP20.00$g0$hP$5Uk
=ACF  \\$aPrevious copyright fee: GBP23.00$c29\0$e01-jan-2015$fGBP23.00$g0$hP$5Uk
=ACF  \\$aPrevious copyright fee: GBP24.00$c29\0$e01-jan-2016$fGBP24.00$g0$hP$5Uk
=ACF  \\$aPrevious copyright fee: GBP26.00$c29\0$e01-jan-2017$fGBP26.00$g0$hP$5Uk
=ACF  \\$aPrevious copyright fee: GBP27.00$c29\0$e01-jan-2018$fGBP27.00$g0$hP$5Uk
=ACF  \\$aPrevious copyright fee: GBP28.00$c29\0$e01-jan-2019$fGBP28.00$g0$hP$5Uk
=ACF  \\$aPrevious Copyright Fee: GBP20.00$c29\0$e01-jan-2020$fGBP20.00$g0$hP$5Uk
=CAT  \\$a7174$b40$c20070913$lBLL01$h1352
=CAT  \\$aBLDSS-3PM$b00$c20141208$lBLL01$h1626
=CAT  \\$aIPL-CLA$c20141231$lBLL01$h1656
=CAT  \\$aBATCH-UPD$b00$c20151119$lBLL01$h1551
=CAT  \\$aIPL-CLA$c20151231$lBLL01$h1926
=CAT  \\$aBATCH-UPD$b00$c20160524$lBLL01$h2211
=CAT  \\$aBATCH-UPD$b00$c20160525$lBLL01$h0029
=CAT  \\$aBATCH-UPD$b00$c20161122$lBLL01$h1521
=CAT  \\$aIPL-CLA$c20161230$lBLL01$h2227
=CAT  \\$aBATCH-UPD$b00$c20171121$lBLL01$h1704
=CAT  \\$aW1711-1005$c20171206$lBLL01$h1820
=CAT  \\$aIPL-CLA$c20171231$lBLL01$h1713
=CAT  \\$aBATCH-UPD$b00$c20181217$lBLL01$h1652
=CAT  \\$aIPL-CLA$c20181231$lBLL01$h1546
=CAT  \\$aW1910-0530$c20191007$lBLL01$h1114
=CAT  \\$aR1911-1518$c20191206$lBLL01$h1419
=CAT  \\$aIPL-CLA$c20191231$lBLL01$h1950
=CAT  \\$aBATCH-UPD$b00$c20220308$lBLL01$h1735
=CAT  \\$aIPL-CLA$c20220331$lBLL01$h1952
=CAT  \\$a8250$b40$c20220729$lBLL01$h0949
=CAT  \\$a12654$b40$c20230201$lBLL01$h0847
=CAT  \\$aS2302-1302$c20230322$lBLL01$h1708
=CAT  \\$aS2302-1302$c20230323$lBLL01$h1443
=CAT  \\$aIPL-CLA$c20230331$lBLL01$h1547
=CAT  \\$aS2304-0519$c20230412$lBLL01$h1139
=CAT  \\$aBATCH-SUPP$c20230426$lBLL01$h1109
=CFI  0\$aCurrent Copyright Fee: GBP32.00$c29\0$e01-apr-2023$fGBP32.00$g0$hP$5Uk
=CFI  2\$aPrevious copyright fee: GBP22.00$c29\0$e01-apr-2022$fGBP22.00$g0$hP$5Uk
=EST  \\$a1
=FFP  \\$aY$bBLDSS-3PM
=FIN  \\$aY$d20131001
=FMT  \\$a  SE
=LAS  \\$aBATCH-SUPP$b00$c20230426$lBLL01$h1109
=LET  \0$aHuman rights law review
=LKR  \\$aPAR$b007920876$lBLL01$nHuman rights law review (Print)$mHuman rights law review (Online)$r776
=MNI  \\$a1461-7781
=SID  \\$aZ39$bOCLC
=TCO  \\$aCLA$bCLA$c008
=TOC  \\$aETOC
=UNO  \\$aY

