=LDR  05109cas a2201189 a 4500
=001  013951931
=003  Uk
=005  20230426110918.0
=006  m\\\\\\\\d\\\\\\\\
=007  cr\mnu||||||||
=008  050614c19919999enkqr\pss\o\\\0\\\a0eng\d
=010  \\$a2006236952
=015  \\$aGBB411930$2bnb
=022  0\$a1747-7107$202
=035  \\$a(OCoLC)ocm60628093
=035  \\$a(UkNcU)000468408
=037  \\$apubjof$bOxford University Press
=037  3\$aISSN_00485950$bPortico$nOxford University Press
=038  \\$aOCoLC
=040  \\$aOCLCS$beng$cOCLCS$dEYM$dHUL$dEUN$dUk
=042  \\$aissnuk$aukblsr
=043  \\$an-us---
=050  14$aJK1
=082  04$a321$223
=130  0\$aPublius (Online)
=222  \0$aPublius$b(Online)
=245  10$aPublius$h[electronic resource].
=260  \\$aPhiladelphia, Pa. :$bCenter for the Study of Federalism, Temple University
=264  31$aOxford :$bOxford University Press
=310  \\$aQuarterly,$b1974-
=321  \\$aSemiannual,$b1971-1973
=336  \\$atext$2rdacontent
=337  \\$acomputer$2rdamedia
=338  \\$aonline resource$2rdacarrier
=362  1\$aVol. 1 (1971)-
=500  \\$a"The journal of federalism."
=500  \\$aTitle from cover (JSTOR, viewed Apr. 14, 2006).
=540  \\$aCurrent Copyright Fee: GBP42.00$c29\0$5Uk
=550  \\$aPublished: Easton, PA : Robert B. and Helen S. Meyner Center for the Study of State and Local Government and the Center for the Study of Federalism, fall 1994->.
=588  \\$aLatest issue consulted: volume 44, number 1 (winter 2014) (Oxford journals, viewed January 31, 2014).
=650  \0$aFederal government$zUnited States$vPeriodicals.
=650  \0$aFederal government$vPeriodicals.
=710  2\$aTemple University.$bCenter for the Study of Federalism.
=710  2\$aRobert B. & Helen S. Meyner Center for the Study of State and Local Government.
=776  08$iAlso issued in print as:$tPublius$x0048-5950
=852  41$aBritish Library$bHMNTS$jELD Digital store$3Volume 44:Issue 1(2014:Spring)-***Previous issues available in print copy
=852  41$aBritish Library$bDSC$j7156.095000$3Volume 36:Issue 2(2006)-Volume 41:Issue 4(2011)***See ESTAR for full holdings.
=856  \\$31850-9999$uhttp://ukcatalogue.oup.com/$xBLDSS
=856  4\$uhttp://publius.oxfordjournals.org/
=859  \\$aELD$bejournal
=859  \\$aXLD$bejournal$cSFX
=945  \\$aPublius -Philadelphia then Denton TX-
=959  \\$fCurrently available
=979  \\$aBritish Library$bDSC$j7156.095000
=ACF  \\$aPrevious Copyright Fee: GBP16.00$c29\0$e20-sep-2007$fGBP16.00$g0$hP$5Uk
=ACF  \\$aPrevious copyright fee: GBP18.00$c29\0$e01-jan-2008$fGBP18.00$g0$hP$5Uk
=ACF  \\$aPrevious copyright fee: GBP20.00$c29\0$e01-jan-2013$fGBP20.00$g0$hP$5Uk
=ACF  \\$aPrevious copyright fee: GBP23.00$c29\0$e01-jan-2015$fGBP23.00$g0$hP$5Uk
=ACF  \\$aPrevious copyright fee: GBP24.00$c29\0$e01-jan-2016$fGBP24.00$g0$hP$5Uk
=ACF  \\$aPrevious copyright fee: GBP26.00$c29\0$e01-jan-2017$fGBP26.00$g0$hP$5Uk
=ACF  \\$aPrevious copyright fee: GBP27.00$c29\0$e01-jan-2018$fGBP27.00$g0$hP$5Uk
=ACF  \\$aPrevious copyright fee: GBP28.00$c29\0$e01-jan-2019$fGBP28.00$g0$hP$5Uk
=ACF  \\$aPrevious Copyright Fee: GBP29.00$c29\0$e01-jan-2020$fGBP29.00$g0$hP$5Uk
=CAT  \\$a7174$b40$c20070920$lBLL01$h0914
=CAT  \\$aIPL-CLA$c20141231$lBLL01$h1656
=CAT  \\$aBATCH-UPD$b00$c20151119$lBLL01$h1551
=CAT  \\$aIPL-CLA$c20151231$lBLL01$h1926
=CAT  \\$aBATCH-UPD$b00$c20160524$lBLL01$h2211
=CAT  \\$aBATCH-UPD$b00$c20160525$lBLL01$h0029
=CAT  \\$aBATCH-UPD$b00$c20161122$lBLL01$h1521
=CAT  \\$aIPL-CLA$c20161230$lBLL01$h2228
=CAT  \\$aBATCH-UPD$b00$c20171121$lBLL01$h1704
=CAT  \\$aW1711-1005$c20171206$lBLL01$h1820
=CAT  \\$aIPL-CLA$c20171231$lBLL01$h1713
=CAT  \\$aBATCH-UPD$b00$c20181217$lBLL01$h1652
=CAT  \\$aIPL-CLA$c20181231$lBLL01$h1546
=CAT  \\$aW1910-0530$c20191007$lBLL01$h1114
=CAT  \\$aR1911-1518$c20191206$lBLL01$h1405
=CAT  \\$aIPL-CLA$c20191231$lBLL01$h1950
=CAT  \\$a5410$b40$c20200721$lBLL01$h2003
=CAT  \\$aBATCH-UPD$b40$c20220308$lBLL01$h1728
=CAT  \\$aIPL-CLA$c20220331$lBLL01$h1952
=CAT  \\$a5410$b40$c20221025$lBLL01$h1247
=CAT  \\$a12654$b40$c20230302$lBLL01$h1342
=CAT  \\$aS2302-1302$c20230322$lBLL01$h1708
=CAT  \\$aS2302-1302$c20230323$lBLL01$h1444
=CAT  \\$aIPL-CLA$c20230331$lBLL01$h1547
=CAT  \\$aS2304-0519$c20230412$lBLL01$h1139
=CAT  \\$aBATCH-SUPP$c20230426$lBLL01$h1109
=CFI  0\$aCurrent Copyright Fee: GBP42.00$c29\0$e01-apr-2023$fGBP42.00$g0$hP$5Uk
=CFI  2\$aPrevious copyright fee: GBP32.00$c29\0$e01-apr-2022$fGBP32.00$g0$hP$5Uk
=EST  \\$a1
=FFP  \\$aY$bBLDSS-3PM
=FIN  \\$aY$d20140131
=FMT  \\$a  SE
=LAS  \\$aBATCH-SUPP$b00$c20230426$lBLL01$h1109
=LKR  \\$aPAR$b007992124$lBLL01$nPublius (Print)$mPublius (Online)$r776
=MNI  \\$a0048-5950
=SID  \\$aZ39$bRLUK
=TCO  \\$aTRS$bCCC$c008
=TOC  \\$aETOC
=UNO  \\$aY

