=LDR  04915cas a2201093 i 4500
=001  014016826
=003  Uk
=005  20230426110919.0
=006  m\\\\\\\\d\\\\\\\\
=007  cr\|||||||||||
=008  070926c20029999enkqr\p\o\g\\\0\\\a0eng\\
=015  \\$aGBB411401$2bnb
=022  0\$a1746-9937$y1540-1650$202
=037  \\$acjilaw$bOxford University Press
=037  3\$aISSN_15401650$bPortico$nOxford University Press
=040  \\$aUk$beng$cUk$dUk$erda
=042  \\$aukblsr$aissnuk
=082  10$a341$222
=210  0\$aChin. j. int. law$b(Online)
=222  \0$aChinese journal of international law$b(Online)
=245  00$aChinese journal of international law.
=264  \1$aBoulder, CO :$bWorld Academy Press
=264  31$32005-$aOxford :$bOxford University Press
=310  \\$aQuarterly,$b2010-
=321  \\$aThree times a year,$b2006-2009
=321  \\$aSemiannual,$b2002-2005
=336  \\$atext$2rdacontent
=337  \\$acomputer$2rdamedia
=338  \\$aonline resource$2rdacarrier
=362  0\$aVol. 1, no. 1 (2002)-
=540  \\$aCurrent Copyright Fee: GBP42.00$c29\0$5Uk
=550  \\$aPublished in association with the Chinese Society of International Law, Beijing, and Wuhan University Institute of International Law.
=588  \\$aLatest issue consulted: volume 12, number 4 (December 2013) (Oxford Journals, viewed January 29, 2014).
=650  \0$aInternational law$vPeriodicals.
=650  \0$aInternational law$zChina$vPeriodicals.
=710  2\$aZhongguo guo ji fa xue hui (Beijing, China),$eissuing body.
=710  2\$aWuhan da xue.$bGuo ji fa yan jiu suo,$eissuing body.
=776  08$iAlso issued in print as:$tChinese journal of international law$x1540-1650
=852  41$aBritish Library$bHMNTS$jELD Digital store$3Volume 12:Number 3(2013:Sep.)-***Previous issues available in print copy
=852  41$aBritish Library$bDSC$j3180.362000$3Volume 4:Issue 1(2005)-Volume 10:Issue 4(2011)***See ESTAR for full holdings.
=856  \\$31850-9999$uhttp://ukcatalogue.oup.com/$xBLDSS
=856  40$uhttp://chinesejil.oxfordjournals.org
=859  \\$aXLD$bejournal$cSFX
=859  \\$aELD$bejournal
=945  \\$aChinese journal of international law
=959  \\$fCurrently available
=979  \\$aBritish Library$bDSC$j3180.362000
=ACF  \\$aPrevious Copyright Fee: GBP16.00$c29\0$e26-sep-2007$fGBP16.00$g0$hP$5Uk
=ACF  \\$aPrevious copyright fee: GBP18.00$c29\0$e01-jan-2008$fGBP18.00$g0$hP$5Uk
=ACF  \\$aPrevious copyright fee: GBP20.00$c29\0$e01-jan-2013$fGBP20.00$g0$hP$5Uk
=ACF  \\$aPrevious copyright fee: GBP23.00$c29\0$e01-jan-2015$fGBP23.00$g0$hP$5Uk
=ACF  \\$aPrevious copyright fee: GBP24.00$c29\0$e01-jan-2016$fGBP24.00$g0$hP$5Uk
=ACF  \\$aPrevious copyright fee: GBP26.00$c29\0$e01-jan-2017$fGBP26.00$g0$hP$5Uk
=ACF  \\$aPrevious copyright fee: GBP27.00$c29\0$e01-jan-2018$fGBP27.00$g0$hP$5Uk
=ACF  \\$aPrevious copyright fee: GBP28.00$c29\0$e01-jan-2019$fGBP28.00$g0$hP$5Uk
=ACF  \\$aPrevious Copyright Fee: GBP29.00$c29\0$e01-jan-2020$fGBP29.00$g0$hP$5Uk
=CAT  \\$a7174$b40$c20070926$lBLL01$h0850
=CAT  \\$aBATCH-UPD$b00$c20151119$lBLL01$h1551
=CAT  \\$aIPL-CLA$c20151231$lBLL01$h1926
=CAT  \\$aBATCH-UPD$b00$c20160524$lBLL01$h2211
=CAT  \\$aBATCH-UPD$b00$c20160525$lBLL01$h0030
=CAT  \\$aBATCH-UPD$b00$c20161122$lBLL01$h1521
=CAT  \\$aIPL-CLA$c20161230$lBLL01$h2232
=CAT  \\$aBATCH-UPD$b00$c20170101$lBLL01$h1801
=CAT  \\$aBATCH-UPD$b00$c20170127$lBLL01$h1630
=CAT  \\$aBATCH-UPD$b00$c20171121$lBLL01$h1704
=CAT  \\$aW1711-1005$c20171206$lBLL01$h1820
=CAT  \\$aIPL-CLA$c20171231$lBLL01$h1715
=CAT  \\$aBATCH-UPD$b00$c20181217$lBLL01$h1652
=CAT  \\$aIPL-CLA$c20181231$lBLL01$h1546
=CAT  \\$aW1910-0530$c20191007$lBLL01$h1114
=CAT  \\$aR1911-1518$c20191206$lBLL01$h1405
=CAT  \\$aIPL-CLA$c20191231$lBLL01$h1951
=CAT  \\$aBATCH-UPD$b00$c20220308$lBLL01$h1728
=CAT  \\$aIPL-CLA$c20220331$lBLL01$h1952
=CAT  \\$a12654$b40$c20230123$lBLL01$h1428
=CAT  \\$aS2302-1302$c20230322$lBLL01$h1707
=CAT  \\$aS2302-1302$c20230322$lBLL01$h1708
=CAT  \\$aS2302-1302$c20230323$lBLL01$h1443
=CAT  \\$aIPL-CLA$c20230331$lBLL01$h1547
=CAT  \\$aS2304-0519$c20230412$lBLL01$h1140
=CAT  \\$aBATCH-SUPP$c20230426$lBLL01$h1109
=CFI  0\$aCurrent Copyright Fee: GBP42.00$c29\0$e01-apr-2023$fGBP42.00$g0$hP$5Uk
=CFI  2\$aPrevious copyright fee: GBP32.00$c29\0$e01-apr-2022$fGBP32.00$g0$hP$5Uk
=EST  \\$a1
=FFP  \\$aY$bBLDSS-3PM
=FIN  \\$aY$d20131119
=FMT  \\$a  SE
=LAS  \\$aBATCH-SUPP$b00$c20230426$lBLL01$h1109
=LKR  \\$aPAR$b012391663$lBLL01$nChinese journal of international law (Print)$mChinese journal of international law (Online)$r776
=MNI  \\$a1540-1650
=TCO  \\$aCLA$bCLA$c008
=TOC  \\$aETOC
=UNO  \\$aY

