=LDR  05643cas a22012737a 4500
=001  014017230
=003  Uk
=005  20230426110919.0
=006  m\\\\\o\\d\\\\\\\\
=007  cr\cn|||||||||
=008  050322c19649999enktr\p\o\\\\\0\\\a0eng\d
=015  \\$aGBB411355$2bnb
=016  7\$a002557841$2IsJJNL
=016  7\$a02166658X$2de-101
=016  7\$a20444850$2de-600
=022  0\$a1744-6406$202
=030  \\$aPHMAB5
=035  \\$a(OCoLC)58557596$z(OCoLC)60463813$z(OCoLC)243539377$z(OCoLC)315920551$z(OCoLC)535495688
=037  \\$aphilmat$bOxford University Press
=037  3\$aISSN_00318019$bPortico$nOxford University Press
=040  \\$aEYR$beng$cEYR$dVRC$dJ9U$dQCL$dZ5A$dOCLCQ$dGUA$dOCLCQ$dGBVCP$dOCLCQ$dOCLCF$dUk
=041  0\$aeng$bfre$bger
=042  \\$aissnuk$aukblsr
=050  14$aQA9$b.P45
=082  04$a510.105$223
=130  0\$aPhilosophia Mathematica (Online)
=222  \0$aPhilosophia mathematica$b(Online)
=245  10$aPhilosophia Mathematica$h[electronic resource].
=260  \\$aOxford :$bOxford University Press
=300  \\$av. ;$c24 cm.
=310  \\$aThree times a year
=336  \\$atext$2rdacontent
=337  \\$acomputer$2rdamedia
=338  \\$aonline resource$2rdacarrier
=362  1\$aBegan with vol. s1-1, no. 1 (1964).
=530  \\$aAlso issued in print.
=540  \\$aCurrent Copyright Fee: GBP33.00$c29\0$5Uk
=546  \\$aText in English; includes some text in French and German.
=588  \\$aDescription based on: Vol. s1-1, no. 1 (1964); title from journal information screen (Oxford Journals, viewed Apr. 21, 2010).
=588  \\$aLatest issue consulted: volume 21, issue 3 (October 2013) (Oxford Journals, viewed January 28, 2014).
=650  \0$aMathematics$xPhilosophy$vPeriodicals.
=650  17$aWiskunde.$2gtt
=650  17$aFilosofische aspecten.$2gtt
=650  \7$aMathematics$xPhilosophy.$2fast
=655  \7$aPeriodicals.$2fast
=776  0\$tPhilosophia mathematica$x0031-8019
=776  1\$aPhilosophia Mathematica (Print)$x0031-8019
=852  41$aBritish Library$bHMNTS$jELD Digital store$3Volume 22:Issue 1(2014)-***Previous issues available in print copy
=852  41$aBritish Library$bDSC$j6461.500000$3Volume 13:Issue 1(2005)-Volume 22:Issue 3(2014)***See ESTAR for full holdings.
=856  \\$31850-9999$uhttp://ukcatalogue.oup.com/$xBLDSS
=856  4\$uhttp://intl-philmat.oupjournals.org/$zOxford UP
=856  4\$uhttp://libnet.ac.il/~libnet/pqd/pqd_issn.pl?0031-8019$zProquest Direct (Res)
=856  40$ahttp://philmat.oxfordjournals.org/
=856  40$ahttp://www3.oup.co.uk/content?genre=journal&issn=0031-8019
=856  40$uhttp://philmat.oupjournals.org/archive/index.dtl$zFull text available from Oxford Journals Online: from 01/02/2005 to present
=859  \\$aELD$bejournal
=859  \\$aXLD$bejournal$cSFX
=945  \\$aPhilosophia mathematica
=959  \\$fCurrently available
=979  \\$aBritish Library$bDSC$j6461.500000
=ACF  \\$aPrevious Copyright Fee: GBP16.00$c29\0$e26-sep-2007$fGBP16.00$g0$hP$5Uk
=ACF  \\$aPrevious copyright fee: GBP18.00$c29\0$e01-jan-2008$fGBP18.00$g0$hP$5Uk
=ACF  \\$aPrevious copyright fee: GBP20.00$c29\0$e01-jan-2013$fGBP20.00$g0$hP$5Uk
=ACF  \\$aPrevious copyright fee: GBP23.00$c29\0$e01-jan-2015$fGBP23.00$g0$hP$5Uk
=ACF  \\$aPrevious copyright fee: GBP24.00$c29\0$e01-jan-2016$fGBP24.00$g0$hP$5Uk
=ACF  \\$aPrevious copyright fee: GBP26.00$c29\0$e01-jan-2017$fGBP26.00$g0$hP$5Uk
=ACF  \\$aPrevious copyright fee: GBP27.00$c29\0$e01-jan-2018$fGBP27.00$g0$hP$5Uk
=ACF  \\$aPrevious copyright fee: GBP28.00$c29\0$e01-jan-2019$fGBP28.00$g0$hP$5Uk
=ACF  \\$aPrevious Copyright Fee: GBP20.00$c29\0$e01-jan-2020$fGBP20.00$g0$hP$5Uk
=CAT  \\$a7174$b40$c20070926$lBLL01$h1219
=CAT  \\$aBATCH-UPD$b00$c20151119$lBLL01$h1551
=CAT  \\$aIPL-CLA$c20151231$lBLL01$h1926
=CAT  \\$aBATCH-UPD$b00$c20160524$lBLL01$h2211
=CAT  \\$aBATCH-UPD$b00$c20160525$lBLL01$h0030
=CAT  \\$aBATCH-UPD$b00$c20161122$lBLL01$h1521
=CAT  \\$aIPL-CLA$c20161230$lBLL01$h2232
=CAT  \\$aBATCH-UPD$b00$c20171121$lBLL01$h1704
=CAT  \\$aW1711-1005$c20171206$lBLL01$h1820
=CAT  \\$aIPL-CLA$c20171231$lBLL01$h1715
=CAT  \\$aBATCH-UPD$b00$c20181217$lBLL01$h1652
=CAT  \\$aIPL-CLA$c20181231$lBLL01$h1546
=CAT  \\$a5410$b40$c20190918$lBLL01$h1531
=CAT  \\$aW1910-0530$c20191007$lBLL01$h1114
=CAT  \\$aR1911-1518$c20191206$lBLL01$h1419
=CAT  \\$aIPL-CLA$c20191231$lBLL01$h1951
=CAT  \\$aBATCH-UPD$b00$c20220308$lBLL01$h1735
=CAT  \\$aIPL-CLA$c20220331$lBLL01$h1952
=CAT  \\$a5410$b40$c20221025$lBLL01$h1248
=CAT  \\$a12654$b40$c20230302$lBLL01$h0927
=CAT  \\$a12654$b40$c20230302$lBLL01$h0928
=CAT  \\$aS2302-1302$c20230322$lBLL01$h1708
=CAT  \\$aS2302-1302$c20230323$lBLL01$h1444
=CAT  \\$aIPL-CLA$c20230331$lBLL01$h1547
=CAT  \\$aS2304-0519$c20230412$lBLL01$h1140
=CAT  \\$aBATCH-SUPP$c20230426$lBLL01$h1109
=CFI  0\$aCurrent Copyright Fee: GBP33.00$c29\0$e01-apr-2023$fGBP33.00$g0$hP$5Uk
=CFI  2\$aPrevious copyright fee: GBP22.00$c29\0$e01-apr-2022$fGBP22.00$g0$hP$5Uk
=EST  \\$a1
=FFP  \\$aY$bBLDSS-3PM
=FIN  \\$aY$d20140129
=FMT  \\$a  SE
=LAS  \\$aBATCH-SUPP$b00$c20230426$lBLL01$h1109
=LET  \0$aPhilosophia Mathematica (Online)
=LKR  \\$aPAR$b007862117$lBLL01$r776$mPhilosophia mathematica [electronic resource].$nPhilosophia mathematica (Print).
=MNI  \\$a0031-8019
=SID  \\$aZ39$bOCLC
=TCO  \\$aCLA$bCLA$c008
=TOC  \\$aETOC
=UNO  \\$aY

