=LDR  05055cas a2201117 i 4500
=001  014017266
=003  Uk
=005  20230426110919.0
=006  m\\\\\\\\d\\\\\\\\
=007  cr\|||||||||||
=008  070926c19919999enkqr\p\s\\\\\0\\\a0eng\\
=015  \\$aGBB411955$2bnb
=022  0\$a1477-9803$202
=037  \\$ajopart$bOxford University Press
=037  3\$aISSN_10531858$bPortico$nOxford University Press
=040  \\$aUk$beng$cUk$erda
=042  \\$aissnuk$aukblsr
=082  04$a351.05$223
=210  0\$aJ. public adm. res. theory$b(Online)
=222  \0$aJournal of public administration research and theory$b(Online)
=245  00$aJournal of public administration research and theory.
=246  13$aJ-PART
=246  13$aJPART
=260  \\$aLawrence, Kan. :$bJournal of Public Administration Research and Theory, Inc.,$c1991-
=260  2\$aNews Brunswick, N.J. :$bTransaction Periodicals Consortium
=260  3\$32003-$aOxford :$bOxford University Press for the PMRA
=310  \\$aQuarterly
=336  \\$atext$2rdacontent
=337  \\$acomputer$2rdamedia
=338  \\$aonline resource$2rdacarrier
=362  1\$aPrint began with vol. 1, no. 1 (Jan. 1991).
=540  \\$aCurrent Copyright Fee: GBP42.00$c29\0$5Uk
=588  \\$aDescription based on print version record.
=588  \\$aLatest issue consulted: volume 24, number 1 (January 2014) (Oxford journals, viewed February 3, 2014).
=650  \0$aPublic administration$vPeriodicals.
=650  \0$aPolicy sciences$vPeriodicals.
=690  7\$aManagement and Business Studies$2blcoll
=710  2\$aPublic Management Research Association.
=776  08$iAlso issued in print as:$tJournal of public administration research and theory$x1053-1858
=787  0\$tPerspectives on public management and governance$x2398-4929
=852  41$aBritish Library$bDSC$j5043.490500$3Volume 13:Issue 1(2003)-Volume 21:Issue 4(2011)***See ESTAR for full holdings.
=852  41$aBritish Library$bHMNTS$jELD Digital store$3Volume 24:Number 1(2014:Jan.)-***Previous issues available in print copy
=856  \\$31850-9999$uhttp://ukcatalogue.oup.com/$xBLDSS
=856  40$uhttp://jpart.oxfordjournals.org/
=859  \\$aELD$bejournal
=859  \\$aXLD$bejournal$cSFX
=945  \\$aJournal of public administration research and theory
=959  \\$fCurrently available
=979  \\$aBritish Library$bDSC$j5043.490500
=ACF  \\$aPrevious Copyright Fee: GBP10.00$c29\0$e26-sep-2007$fGBP10.00$g0$hP$5Uk
=ACF  \\$aPrevious copyright fee: GBP11.00$c29\0$e01-jan-2008$fGBP11.00$g0$hP$5Uk
=ACF  \\$aPrevious copyright fee: GBP20.00$c29\0$e01-jan-2013$fGBP20.00$g0$hP$5Uk
=ACF  \\$aPrevious copyright fee: GBP23.00$c29\0$e01-jan-2015$fGBP23.00$g0$hP$5Uk
=ACF  \\$aPrevious copyright fee: GBP24.00$c29\0$e01-jan-2016$fGBP24.00$g0$hP$5Uk
=ACF  \\$aPrevious copyright fee: GBP26.00$c29\0$e01-jan-2017$fGBP26.00$g0$hP$5Uk
=ACF  \\$aPrevious copyright fee: GBP27.00$c29\0$e01-jan-2018$fGBP27.00$g0$hP$5Uk
=ACF  \\$aPrevious copyright fee: GBP28.00$c29\0$e01-jan-2019$fGBP28.00$g0$hP$5Uk
=ACF  \\$aPrevious Copyright Fee: GBP29.00$c29\0$e01-jan-2020$fGBP29.00$g0$hP$5Uk
=CAT  \\$a7174$b40$c20070926$lBLL01$h1237
=CAT  \\$aBLDSS-3PM$b00$c20141208$lBLL01$h1626
=CAT  \\$aIPL-CLA$c20141231$lBLL01$h1656
=CAT  \\$aBATCH-UPD$b00$c20151119$lBLL01$h1551
=CAT  \\$aIPL-CLA$c20151231$lBLL01$h1926
=CAT  \\$aBATCH-UPD$b00$c20160524$lBLL01$h1131
=CAT  \\$aBATCH-UPD$b00$c20160524$lBLL01$h2211
=CAT  \\$aBATCH-UPD$b00$c20161122$lBLL01$h1521
=CAT  \\$aIPL-CLA$c20161230$lBLL01$h2232
=CAT  \\$aBATCH-UPD$b00$c20171121$lBLL01$h1704
=CAT  \\$aW1711-1005$c20171206$lBLL01$h1820
=CAT  \\$aIPL-CLA$c20171231$lBLL01$h1715
=CAT  \\$a10806$b40$c20181018$lBLL01$h0926
=CAT  \\$aBATCH-UPD$b40$c20181217$lBLL01$h1652
=CAT  \\$aIPL-CLA$c20181231$lBLL01$h1546
=CAT  \\$aW1910-0530$c20191007$lBLL01$h1114
=CAT  \\$aR1911-1518$c20191206$lBLL01$h1405
=CAT  \\$aIPL-CLA$c20191231$lBLL01$h1951
=CAT  \\$aBATCH-UPD$b00$c20220308$lBLL01$h1728
=CAT  \\$aIPL-CLA$c20220331$lBLL01$h1952
=CAT  \\$a12654$b40$c20230223$lBLL01$h0934
=CAT  \\$aS2302-1302$c20230322$lBLL01$h1708
=CAT  \\$aS2302-1302$c20230323$lBLL01$h1443
=CAT  \\$aIPL-CLA$c20230331$lBLL01$h1547
=CAT  \\$aS2304-0519$c20230412$lBLL01$h1140
=CAT  \\$aBATCH-SUPP$c20230426$lBLL01$h1109
=CFI  0\$aCurrent Copyright Fee: GBP42.00$c29\0$e01-apr-2023$fGBP42.00$g0$hP$5Uk
=CFI  2\$aPrevious copyright fee: GBP32.00$c29\0$e01-apr-2022$fGBP32.00$g0$hP$5Uk
=EST  \\$a1
=FFP  \\$aY$bBLDSS-3PM
=FIN  \\$aY$d20140203
=FMT  \\$a  SE
=LAS  \\$aBATCH-SUPP$b00$c20230426$lBLL01$h1109
=LKR  \\$aPAR$b009920897$lBLL01$nJournal of public administration research and theory (Print)$mJournal of public administration research and theory (Online)$r776
=MNI  \\$a1053-1858
=TCO  \\$aCLA$bCLA$c008
=TOC  \\$aETOC
=UNO  \\$aY

