=LDR  04738cas a2201105 a 4500
=001  014058788
=003  Uk
=005  20230426110921.0
=006  m\\\\\\\\d\|\\\\\\
=007  cr||||||||||||
=008  071011c19369999enktr\p\s\\\\\0\\\a0eng\\
=015  \\$aGBA9B4658$2bnb
=022  0\$a1756-1124$202
=037  \\$aenglish$bOxford University Press
=037  3\$aISSN_00138215$bPortico$nOxford University Press
=040  \\$aUk$beng$cUk$dUk
=042  \\$aissnuk$aukblsr
=082  04$a820.9$222
=130  0\$aEnglish (Online)
=222  \0$aEnglish$b(Online)
=245  10$aEnglish$h[electronic resource] :$bjournal of the English Association.
=246  30$aJournal of the English Association
=260  \\$aOxford :$bOxford University Press
=260  2\$31990-2007$aLeicester :$bEnglish Association
=260  3\$32008-$aOxford :$bOxford University Press
=310  \\$aThree issues yearly
=336  \\$atext$2rdacontent
=337  \\$acomputer$2rdamedia
=338  \\$aonline resource$2rdacarrier
=362  0\$aVol. 1, no. 1 (1936)-
=500  \\$aTitle from pdf file (Oxford University Press, viewed Nov. 25, 2009).
=500  \\$aLatest issue consulted: volume 62 (239) (winter 2013) (Oxford Journals, viewed January 22, 2014).
=530  \\$aAlso issued in print.
=538  \\$aMode of access: World Wide Web.
=540  \\$aCurrent Copyright Fee: GBP33.00$c29\0$5Uk
=650  \0$aEnglish language$vPeriodicals.
=650  \0$aEnglish literature$xHistory and criticism$vPeriodicals.
=710  2\$aEnglish Association,$eissuing body.
=776  1\$tEnglish$x0013-8215
=852  41$aBritish Library$bHMNTS$jELD Digital store$3Volume 63:Number 240(2014)-***Previous issues available in print copy
=852  41$aBritish Library$bDSC$j3772.600000$3Volume 57:issue 217(2008)-Volume 63:Issue 243(2014)***See ESTAR for full holdings.
=856  \\$31850-9999$uhttp://ukcatalogue.oup.com/$xBLDSS
=856  40$uhttp://english.oxfordjournals.org/
=859  \\$aXLD$bejournal$cSFX
=859  \\$aELD$bejournal
=945  \\$aEnglish -Oxford and London- English Association-
=959  \\$fCurrently available
=ACF  \\$aPrevious Copyright Fee: GBP18.00$c29\0$e28-apr-2009$fGBP18.00$g0$hP$5Uk
=ACF  \\$aPrevious copyright fee: GBP14.00$c29\0$e01-jan-2010$fGBP14.00$g0$hP$5Uk
=ACF  \\$aPrevious copyright fee: GBP20.00$c29\0$e01-jan-2013$fGBP20.00$g0$hP$5Uk
=ACF  \\$aPrevious copyright fee: GBP23.00$c29\0$e01-jan-2015$fGBP23.00$g0$hP$5Uk
=ACF  \\$aPrevious copyright fee: GBP24.00$c29\0$e01-jan-2016$fGBP24.00$g0$hP$5Uk
=ACF  \\$aPrevious copyright fee: GBP26.00$c29\0$e01-jan-2017$fGBP26.00$g0$hP$5Uk
=ACF  \\$aPrevious copyright fee: GBP27.00$c29\0$e01-jan-2018$fGBP27.00$g0$hP$5Uk
=ACF  \\$aPrevious copyright fee: GBP28.00$c29\0$e01-jan-2019$fGBP28.00$g0$hP$5Uk
=ACF  \\$aPrevious Copyright Fee: GBP20.00$c29\0$e01-jan-2020$fGBP20.00$g0$hP$5Uk
=CAT  \\$a11313$b40$c20071011$lBLL01$h1124
=CAT  \\$aCDS15-UPD$b40$c20141130$lBLL01$h1853
=CAT  \\$aBLDSS-3PM$b00$c20141208$lBLL01$h1626
=CAT  \\$aIPL-CLA$c20141231$lBLL01$h1656
=CAT  \\$aBATCH-UPD$b00$c20151119$lBLL01$h1551
=CAT  \\$aIPL-CLA$c20151231$lBLL01$h1926
=CAT  \\$aBATCH-UPD$b00$c20160524$lBLL01$h2212
=CAT  \\$aBATCH-UPD$b00$c20160525$lBLL01$h0030
=CAT  \\$aBATCH-UPD$b00$c20161122$lBLL01$h1521
=CAT  \\$aIPL-CLA$c20161230$lBLL01$h2234
=CAT  \\$aBATCH-UPD$b00$c20171121$lBLL01$h1704
=CAT  \\$aW1711-1005$c20171206$lBLL01$h1820
=CAT  \\$aIPL-CLA$c20171231$lBLL01$h1717
=CAT  \\$aBATCH-UPD$b00$c20181217$lBLL01$h1652
=CAT  \\$aIPL-CLA$c20181231$lBLL01$h1546
=CAT  \\$aW1910-0530$c20191007$lBLL01$h1114
=CAT  \\$aR1911-1518$c20191206$lBLL01$h1419
=CAT  \\$aIPL-CLA$c20191231$lBLL01$h1952
=CAT  \\$aBATCH-UPD$b00$c20220308$lBLL01$h1735
=CAT  \\$aIPL-CLA$c20220331$lBLL01$h1952
=CAT  \\$a12654$b40$c20230125$lBLL01$h1104
=CAT  \\$aS2302-1302$c20230322$lBLL01$h1708
=CAT  \\$aS2302-1302$c20230323$lBLL01$h1443
=CAT  \\$aIPL-CLA$c20230331$lBLL01$h1547
=CAT  \\$aS2304-0519$c20230412$lBLL01$h1140
=CAT  \\$aBATCH-SUPP$c20230426$lBLL01$h1109
=CFI  0\$aCurrent Copyright Fee: GBP33.00$c29\0$e01-apr-2023$fGBP33.00$g0$hP$5Uk
=CFI  2\$aPrevious copyright fee: GBP22.00$c29\0$e01-apr-2022$fGBP22.00$g0$hP$5Uk
=EST  \\$a1
=FFP  \\$aY$bBLDSS-3PM
=FIN  \\$aY$d20080630
=FMT  \\$a  SE
=LAS  \\$aBATCH-SUPP$b00$c20230426$lBLL01$h1109
=LET  \0$aEnglish (Online)
=LKR  \\$aPAR$b007852484$lBLL01$r776$mEnglish (Online)$nEnglish (Print)
=MNI  \\$a0013-8215
=TCO  \\$aCLA$bCLA$c008
=TOC  \\$aETOC
=UNO  \\$aY

