=LDR  05436cas a2201213 a 4500
=001  014202025
=003  Uk
=005  20230426110924.0
=006  m\\\\\\\\d\\\\\\\\
=007  cr\mnu||||||||
=008  980227c19889999enkmr\p\s\\\\\0\\\a0eng\d
=015  \\$aGBB407090$2bnb
=022  \\$y1879-1905$l0895-7061$a1941-7225
=035  \\$a(OCoLC)38523175$z(OCoLC)60648399
=037  \\$aajh$bOxford University Press
=037  3\$aISSN_08957061_4$bPortico$nOxford University Press
=040  \\$aOH1$beng$cOH1$dOCL$dOCLCQ$dGUA$dCUD$dAU@$dU9S$dOCLCQ$dUk
=042  \\$aukblsr
=050  \4$aRC685.H8$bA44
=060  00$aW1$bAM466E
=082  04$a616.132005$222
=130  0\$aAmerican journal of hypertension (Online)
=222  \0$aAmerican journal of hypertension$b(Online)
=245  10$aAmerican journal of hypertension$h[electronic resource].
=246  30$aAJH,$f2008-
=260  \\$aNew York :$bElsevier Science Pub. Co.
=260  2\$a[New York] :$bNature Publishing Group
=264  31$32013-$a[Oxford] :$bOxford University Press
=310  \\$aMonthly,$b<1995->
=336  \\$atext$2rdacontent
=337  \\$acomputer$2rdamedia
=338  \\$aonline resource$2rdacarrier
=362  1\$aPrint began with vol. 1, no. 1 (Jan. 1988).
=500  \\$aDescription based on: Vol. 8, issue 1 (Jan. 1995); title from general information screen (ScienceDirect, viewed Oct. 18, 2005).
=525  \\$aHas supplements.
=538  \\$aMode of access: World Wide Web.
=540  \\$aCurrent Copyright Fee: GBP32.00$c29\0$5Uk
=550  \\$aJournal of the American Society of Hypertension.
=588  \\$aLatest issue consulted: volume 26, issue 7 (July 2013) (Oxford Journals, viewed June 13, 2013).
=650  \0$aHypertension$vPeriodicals.
=710  2\$aAmerican Society of Hypertension.
=776  0\$tAmerican journal of hypertension$x0895-7061
=852  41$aBritish Library$bHMNTS$jELD Digital store$3Volume 27:Number 1(2014:Jan.)-***Previous issues available in print copy
=852  41$aBritish Library$bDSC$j0826.400000$3Volume 20:Issue 11(2007)-Volume 28:Issue 12(2015)***See ESTAR for full holdings.
=856  \\$31850-9999$uhttp://ukcatalogue.oup.com/$xBLDSS
=856  4\$uhttp://www.sciencedirect.com/science/journal/08957061$zIssues up to 2007 only
=856  40$uhttp://ajh.oxfordjournals.org/
=856  40$uhttp://www.nature.com/ajh/index.html
=859  \\$aELD$bejournal
=859  \\$aXLD$bejournal$cSFX
=945  \\$aAmerican journal of hypertension.
=959  \\$fCurrently available
=979  \\$aBritish Library$bDSC$j0826.400000
=985  \\$aCONFERENCE ANALYTIC RECORDS EXIST
=ACF  \\$aPrevious Copyright Fee: GBP16.60$c16\0$e01-jan-2008$fGBP16.60$g0$hP$5Uk
=ACF  \\$aPrevious copyright fee: GBP18.00$c5\4$e01-apr-2004$fGBP18.00$g0$hP$5Uk
=ACF  \\$aPrevious copyright fee: GBP22.00$c16\0$e01-oct-2010$fGBP22.00$g0$hP$5Uk
=ACF  \\$aPrevious copyright fee: GBP17.50$c16\0$e01-jan-2009$fGBP17.50$g0$hP$5Uk
=ACF  \\$aPrevious copyright fee: GBP20.00$c29\0$e15-apr-2013$fGBP22.00$g0$hP$5Uk
=ACF  \\$aPrevious copyright fee: GBP23.00$c29\0$e01-jan-2015$fGBP23.00$g0$hP$5Uk
=ACF  \\$aPrevious copyright fee: GBP24.00$c29\0$e01-jan-2016$fGBP24.00$g0$hP$5Uk
=ACF  \\$aPrevious copyright fee: GBP26.00$c29\0$e01-jan-2017$fGBP26.00$g0$hP$5Uk
=ACF  \\$aPrevious copyright fee: GBP27.00$c29\0$e01-jan-2018$fGBP27.00$g0$hP$5Uk
=ACF  \\$aPrevious copyright fee: GBP28.00$c29\0$e01-jan-2019$fGBP28.00$g0$hP$5Uk
=ACF  \\$aPrevious Copyright Fee: GBP20.00$c29\0$e01-jan-2020$fGBP20.00$g0$hP$5Uk
=CAT  \\$a7174$b40$c20071025$lBLL01$h1403
=CAT  \\$aIPL-CLA$c20141231$lBLL01$h1657
=CAT  \\$aBATCH-UPD$b00$c20151119$lBLL01$h1551
=CAT  \\$aIPL-CLA$c20151231$lBLL01$h1927
=CAT  \\$aBATCH-UPD$b00$c20160524$lBLL01$h1112
=CAT  \\$aBATCH-UPD$b00$c20160524$lBLL01$h2212
=CAT  \\$aBATCH-UPD$b00$c20161122$lBLL01$h1521
=CAT  \\$aIPL-CLA$c20161230$lBLL01$h2243
=CAT  \\$aBATCH-UPD$b00$c20171121$lBLL01$h1704
=CAT  \\$aW1711-1005$c20171206$lBLL01$h1820
=CAT  \\$aIPL-CLA$c20171231$lBLL01$h1721
=CAT  \\$aBATCH-UPD$b00$c20181217$lBLL01$h1652
=CAT  \\$aIPL-CLA$c20181231$lBLL01$h1546
=CAT  \\$aW1910-0530$c20191007$lBLL01$h1114
=CAT  \\$aR1911-1518$c20191206$lBLL01$h1419
=CAT  \\$aIPL-CLA$c20191231$lBLL01$h1955
=CAT  \\$a8124$b40$c20210112$lBLL01$h1430
=CAT  \\$aBATCH-UPD$b40$c20220308$lBLL01$h1735
=CAT  \\$aIPL-CLA$c20220331$lBLL01$h1952
=CAT  \\$a12654$b40$c20221213$lBLL01$h1445
=CAT  \\$aS2302-1302$c20230322$lBLL01$h1707
=CAT  \\$aS2302-1302$c20230322$lBLL01$h1708
=CAT  \\$aS2302-1302$c20230323$lBLL01$h1443
=CAT  \\$aIPL-CLA$c20230331$lBLL01$h1547
=CAT  \\$aS2304-0519$c20230412$lBLL01$h1140
=CAT  \\$aBATCH-SUPP$c20230426$lBLL01$h1109
=CFI  0\$aCurrent Copyright Fee: GBP32.00$c29\0$e01-apr-2023$fGBP32.00$g0$hP$5Uk
=CFI  2\$aPrevious copyright fee: GBP22.00$c29\0$e01-apr-2022$fGBP22.00$g0$hP$5Uk
=EST  \\$a1
=FFP  \\$aY$bBLDSS-3PM
=FIN  \\$aY$d20101103
=FMT  \\$a  SE
=LAS  \\$aBATCH-SUPP$b00$c20230426$lBLL01$h1109
=LKR  \\$aPAR$b007540966$lBLL01$nAmerican journal of hypertension (Print)$mAmerican journal of hypertension (Online)$r78000
=MNI  \\$a0895-7061
=SID  \\$aZ39$bOCLC
=TCO  \\$aTRS$bCCC$c008
=TOC  \\$aETOC
=UNO  \\$aY

