=LDR  04643cas a2201093 a 4500
=001  014474438
=003  Uk
=005  20230426110932.0
=006  m\\\\\\\\d\|\\\\\\
=007  cr||||||||||||
=008  071217c20099999enkmr\p\s\\\\\0\\\a0eng\\
=015  \\$aGBA9B0192$2bnb
=022  0\$a1756-591X$202
=037  3\$aISSN_1756591X_4$bPortico$nOxford University Press
=037  \\$aISSN_17565901$bPortico$nRoyal Society of Chemistry
=040  \\$aUk$beng$cUk
=042  \\$aissnuk$aukblsr
=082  04$a572.51$222
=130  0\$aMetallomics (Online)
=210  0\$aMetallomics$b(Online)
=222  \0$aMetallomics$b(Online)
=245  10$aMetallomics$h[electronic resource] :$bintegrated biometal science.
=260  \\$aCambridge :$bRCS Publishing,$c2009-
=264  31$32021-$a[Oxford] :$bOxford University Press
=310  \\$aMonthly
=336  \\$atext$2rdacontent
=337  \\$acomputer$2rdamedia
=338  \\$aonline resource$2rdacarrier
=362  0\$aVol. 1, no. 1 (Jan. 2009)-
=500  \\$aTitle from contents screen (RCS Publishing, viewed on Nov. 13, 2009).
=538  \\$aMode of access: World Wide Web.
=540  \\$aCurrent Copyright Fee: GBP64.00$c29\0$5Uk
=588  \\$aLatest issue consulted: volume 13, issue 3 (March 2021) (Oxford Academic, viewed March 1, 2021).
=650  \0$aMetals$xPhysiological effect$vPeriodicals.
=710  2\$aRoyal Society of Chemistry (Great Britain)
=776  08$iPrint copy -<2020>:$tMetallomics$x1756-5901
=852  41$aBritish Library$bSTI$jELD Digital store$3Volume 7:Issue 1(2015:Jan.)-***Previous issues available in print copy
=852  41$aBritish Library$bDSC$j5694.710000$3Volume 1:Issue 1(2009)-Volume 12:Issue 12(2020)***See ESTAR for full holdings.
=856  \\$31850-9999$uhttp://www.rsc.org/$xBLDSS
=856  4\$uhttp://www.rsc.org/Publishing/Journals/mt/index.asp
=856  40$uhttps://academic.oup.com/metallomics/issue
=859  \\$aELD$bejournal
=859  \\$aXLD$bejournal$cSFX
=945  \\$aMetallomics
=959  \\$fCurrently available
=979  \\$aBritish Library$bDSC$j5694.710000
=985  \\$aCONFERENCE ANALYTIC RECORDS EXIST
=ACF  \\$aPrevious copyright fee: GBP31.50$c6\1$e01-apr-2010$fGBP31.50$g0$hP$5Uk
=ACF  \\$aPrevious copyright fee: GBP28.35$c6\1$e20-jan-2009$fGBP28.35$g0$hP$5Uk
=ACF  \\$aPrevious copyright fee: GBP33.60$c6\1$e01-jul-2011$fGBP33.60$g0$hP$5Uk
=ACF  \\$aPrevious copyright fee: GBP37.80$c6\1$e01-jan-2013$fGBP37.80$g0$hP$5Uk
=ACF  \\$aPrevious copyright fee: GBP35.70$c6\1$e01-jan-2012$fGBP35.70$g0$hP$5Uk
=ACF  \\$aPrevious copyright fee: GBP46.75$c6\1$e01-jan-2017$fGBP46.75$g0$hP$5Uk
=ACF  \\$aPrevious copyright fee: GBP41.80$c6\1$e02-jul-2015$fGBP41.80$g0$hP$5Uk
=ACF  \\$aPrevious Copyright Fee: GBP42.00$c29\0$e15-feb-2021$fGBP42.00$g0$hP$5Uk
=CAT  \\$a6537$b40$c20071217$lBLL01$h1425
=CAT  \\$a10997$b40$c20131028$lBLL01$h1101
=CAT  \\$aWR14_140$c20140905$lBLL01$h1817
=CAT  \\$a5997$b40$c20140925$lBLL01$h1209
=CAT  \\$a8411$b40$c20141024$lBLL01$h1419
=CAT  \\$a11317$b40$c20141209$lBLL01$h1030
=CAT  \\$aBLDSS-3PM$b00$c20150111$lBLL01$h1523
=CAT  \\$a5552$b40$c20150702$lBLL01$h0915
=CAT  \\$aBATCH-UPD$b40$c20160520$lBLL01$h0715
=CAT  \\$aBATCH-UPD$b40$c20161122$lBLL01$h1547
=CAT  \\$aIPL-CLA$c20161230$lBLL01$h2258
=CAT  \\$aW1711-1005$c20171206$lBLL01$h1820
=CAT  \\$a5552$b40$c20210215$lBLL01$h1409
=CAT  \\$a10973$b40$c20210301$lBLL01$h1605
=CAT  \\$a10973$b40$c20210301$lBLL01$h1613
=CAT  \\$a15190$b40$c20210302$lBLL01$h1029
=CAT  \\$a12654$b40$c20210427$lBLL01$h1104
=CAT  \\$aBATCH-UPD$b40$c20220308$lBLL01$h1713
=CAT  \\$aIPL-CLA$c20220331$lBLL01$h1952
=CAT  \\$a10983$b40$c20220917$lBLL01$h1045
=CAT  \\$a12654$b40$c20230228$lBLL01$h0827
=CAT  \\$aS2302-1302$c20230322$lBLL01$h1708
=CAT  \\$aS2302-1302$c20230323$lBLL01$h1443
=CAT  \\$aIPL-CLA$c20230331$lBLL01$h1547
=CAT  \\$aS2304-0519$c20230412$lBLL01$h1140
=CAT  \\$aBATCH-SUPP$c20230426$lBLL01$h1109
=CFI  0\$aCurrent Copyright Fee: GBP64.00$c29\0$e01-apr-2023$fGBP64.00$g0$hP$5Uk
=CFI  2\$aPrevious copyright fee: GBP46.00$c29\0$e01-apr-2022$fGBP46.00$g0$hP$5Uk
=EST  \\$a1
=FFP  \\$aY$bBLDSS-3PM
=FIN  \\$aY$d20090214
=FMT  \\$a  SE
=LAS  \\$aBATCH-SUPP$b00$c20230426$lBLL01$h1109
=LET  \0$aMetallomics (Online)
=LKR  \\$aPAR$b014474439$lBLL01$nMetallomics (Print)$mMetallomics (Online)$r776
=MNI  \\$a1756-5901
=TCO  \\$aCLA$bCLA$c008
=TOC  \\$aETOC
=UNO  \\$aY

