=LDR  04540cas a2201045 i 4500
=001  014488611
=003  Uk
=005  20230426110933.0
=006  m\\\\\\\\d\\\\\\\\
=007  cr\|||||||||||
=008  080109c19819999enk\x\p\o\\\\\0\\\a0eng\\
=015  \\$aGBB415015$2bnb
=022  0\$a1742-3406$y0144-8420$202
=037  \\$arpd$bOxford University Press
=037  3\$aISSN_01448420$bPortico$nOxford University Press
=040  \\$aUk$beng$cUk$dUk$erda
=042  \\$aissnuk$aukblsr
=082  04$a363.1799$223
=210  0\$aRadiat. prot. dosim.$b(Online)
=222  \0$aRadiation protection dosimetry$b(Online)
=245  00$aRadiation protection dosimetry.
=264  \1$a[Ashford] :$bNuclear Technology Publishing
=264  31$aOxford, UK :$bOxford University Press
=310  \\$aFrequency varies
=336  \\$atext$2rdacontent
=337  \\$acomputer$2rdamedia
=338  \\$aonline resource$2rdacarrier
=362  0\$aVol. 1, no. 1 (1981)-
=500  \\$aTitle from PDF article (Oxford Journals, viewed August 21, 2013).
=540  \\$aCurrent Copyright Fee: GBP32.00$c29\0$5Uk
=588  \\$aLatest issue consulted: vol. 158, no. 2 (January 2014) (Oxford Journals, viewed January 30, 2014).
=650  \0$aRadiation dosimetry$vPeriodicals.
=650  \0$aRadiation$xSafety measures$vPeriodicals.
=776  08$iAlso issued in print as:$tRadiation protection dosimetry$x0144-8420
=852  41$aBritish Library$bHMNTS$jELD Digital store$3Volume 158:Issue 1(2014)-***Previous issues available in print copy
=852  41$aBritish Library$bDSC$j7227.993000$3Volume 108:Issue 1(2004)-Volume 147:Issue 4(2011)***See ESTAR for full holdings.
=856  \\$31850-9999$uhttp://ukcatalogue.oup.com/$xBLDSS
=856  40$uhttp://rpd.oxfordjournals.org
=859  \\$aELD$bejournal
=859  \\$aXLD$bejournal$cSFX
=945  \\$aRadiation protection dosimetry
=959  \\$fCurrently available
=985  \\$aCONFERENCE ANALYTIC RECORDS EXIST
=ACF  \\$aPrevious Copyright Fee: GBP18.00$c29\0$e09-jan-2008$fGBP18.00$g0$hP$5Uk
=ACF  \\$aPrevious copyright fee: GBP20.00$c29\0$e01-jan-2013$fGBP20.00$g0$hP$5Uk
=ACF  \\$aPrevious copyright fee: GBP23.00$c29\0$e01-jan-2015$fGBP23.00$g0$hP$5Uk
=ACF  \\$aPrevious copyright fee: GBP24.00$c29\0$e01-jan-2016$fGBP24.00$g0$hP$5Uk
=ACF  \\$aPrevious copyright fee: GBP26.00$c29\0$e01-jan-2017$fGBP26.00$g0$hP$5Uk
=ACF  \\$aPrevious copyright fee: GBP27.00$c29\0$e01-jan-2018$fGBP27.00$g0$hP$5Uk
=ACF  \\$aPrevious copyright fee: GBP28.00$c29\0$e01-jan-2019$fGBP28.00$g0$hP$5Uk
=ACF  \\$aPrevious Copyright Fee: GBP20.00$c29\0$e01-jan-2020$fGBP20.00$g0$hP$5Uk
=CAT  \\$a7174$b40$c20080109$lBLL01$h1137
=CAT  \\$aBATCH-UPD$b00$c20151119$lBLL01$h1552
=CAT  \\$aIPL-CLA$c20151231$lBLL01$h1928
=CAT  \\$aBATCH-UPD$b00$c20160524$lBLL01$h2212
=CAT  \\$aBATCH-UPD$b00$c20160525$lBLL01$h0032
=CAT  \\$aBATCH-UPD$b00$c20161122$lBLL01$h1521
=CAT  \\$aIPL-CLA$c20161230$lBLL01$h2258
=CAT  \\$aBATCH-UPD$b00$c20171121$lBLL01$h1704
=CAT  \\$aW1711-1005$c20171206$lBLL01$h1820
=CAT  \\$aIPL-CLA$c20171231$lBLL01$h1730
=CAT  \\$aBATCH-UPD$b00$c20181217$lBLL01$h1652
=CAT  \\$aIPL-CLA$c20181231$lBLL01$h1547
=CAT  \\$aW1910-0530$c20191007$lBLL01$h1114
=CAT  \\$aR1911-1518$c20191206$lBLL01$h1419
=CAT  \\$aIPL-CLA$c20191231$lBLL01$h2002
=CAT  \\$a5410$b40$c20200714$lBLL01$h2348
=CAT  \\$a12654$b40$c20220113$lBLL01$h0725
=CAT  \\$a5410$b40$c20220127$lBLL01$h0842
=CAT  \\$aBATCH-UPD$b40$c20220308$lBLL01$h1735
=CAT  \\$aIPL-CLA$c20220331$lBLL01$h1952
=CAT  \\$a12654$b40$c20230302$lBLL01$h1442
=CAT  \\$aS2302-1302$c20230322$lBLL01$h1708
=CAT  \\$aS2302-1302$c20230323$lBLL01$h1444
=CAT  \\$aIPL-CLA$c20230331$lBLL01$h1547
=CAT  \\$aS2304-0519$c20230412$lBLL01$h1140
=CAT  \\$aBATCH-SUPP$c20230426$lBLL01$h1109
=CFI  0\$aCurrent Copyright Fee: GBP32.00$c29\0$e01-apr-2023$fGBP32.00$g0$hP$5Uk
=CFI  2\$aPrevious copyright fee: GBP22.00$c29\0$e01-apr-2022$fGBP22.00$g0$hP$5Uk
=EST  \\$a1
=FFP  \\$aY$bBLDSS-3PM
=FIN  \\$aY$d20130822
=FMT  \\$a  SE
=LAS  \\$aBATCH-SUPP$b00$c20230426$lBLL01$h1109
=LET  \0$aRadiation protection dosimetry (Electronic)
=LKR  \\$aPAR$b010999599$lBLL01$nRadiation protection dosimetry (Print)$mRadiation protection dosimetry (Online)$r776
=MNI  \\$a0144-8420
=TCO  \\$aCLA$bCLA$c008
=TOC  \\$aETOC
=UNO  \\$aY

