=LDR  05061cas a2201189 a 4500
=001  014489851
=003  Uk
=005  20230426110933.0
=006  m\\\\fo\\d\\\\\\\\
=007  cr\|||||||||||
=008  030312c20039999enkgr\poo\\\\\0\\\a0eng\c
=010  \\$a2004252116
=015  \\$aGBB411527$2bnb
=022  0\$a1475-147X$202
=035  \\$a(OCoLC)51845062
=037  \\$asoceco$bOxford University Press
=037  3\$aISSN_14751461$bPortico$nOxford University Press
=040  \\$aFWA$beng$cFWA$dOCLCQ$dWAU$dOCL$dOCLCQ$dOCL$dUQ1$dOCLCQ$dTXA$dOCLCQ$dAGL$dUk
=042  \\$aissnuk$aukblsr
=050  14$aHM548$b.S635
=070  0\$aHM548$b.S63
=082  04$a306.305$223
=130  0\$aSocio-economic review (Online)
=210  00$aSocioecon rev$b(Online)
=222  \0$aSocio-economic review$b(Online)
=245  10$aSocio-economic review$h[electronic resource].
=246  1\$aSER
=260  \\$aOxford :$bOxford University Press
=310  \\$aQuarterly,$b2007-
=321  \\$aThree issues yearly,$b2003-2006
=336  \\$atext$2rdacontent
=337  \\$acomputer$2rdamedia
=338  \\$aonline resource$2rdacarrier
=362  0\$aBegan with: Vol. 1, issue 1 (Jan. 2003).
=538  \\$aMode of access: World Wide Web.
=540  \\$aCurrent Copyright Fee: GBP42.00$c29\0$5Uk
=550  \\$aIssued by the Society for the Advancement of Socio-Economics.
=588  \\$aDescription based on: Vol. 1, issue 1 (Jan. 2003); title from PDF article header (Oxford journals, viewed Jan. 27, 2012).
=588  \\$aLatest issue consulted: volume 12, number 1 (January 2014), viewed January 30, 2014.
=650  \0$aEconomics$xSociological aspects$vPeriodicals.
=690  7\$aManagement and Business Studies$2blcoll
=710  2\$aSociety for the Advancement of Socio-Economics.
=776  08$iPrint version:$tSocio-economic review$x1475-1461
=852  41$aBritish Library$bHMNTS$jELD Digital store$3Volume 12:Number 1(2014:Jan.)-***Previous issues available in print copy
=852  41$aBritish Library$bDSC$j8319.559700$3Volume 1:Issue 1(2003)-Volume 9:Issue 4(2011)***See ESTAR for full holdings.
=856  \\$31850-9999$uhttp://ukcatalogue.oup.com/$xBLDSS
=856  40$uhttp://ser.oxfordjournals.org/
=859  \\$aELD$bejournal
=859  \\$aXLD$bejournal$cSFX
=945  \\$aSocio-economic review
=959  \\$fCurrently available
=979  \\$aBritish Library$bDSC$j8319.559700
=ACF  \\$aPrevious Copyright Fee: GBP14.00$c29\0$e10-jan-2008$fGBP14.00$g0$hP$5Uk
=ACF  \\$aPrevious copyright fee: GBP20.00$c29\0$e01-jan-2013$fGBP20.00$g0$hP$5Uk
=ACF  \\$aPrevious copyright fee: GBP23.00$c29\0$e01-jan-2015$fGBP23.00$g0$hP$5Uk
=ACF  \\$aPrevious copyright fee: GBP24.00$c29\0$e01-jan-2016$fGBP24.00$g0$hP$5Uk
=ACF  \\$aPrevious copyright fee: GBP26.00$c29\0$e01-jan-2017$fGBP26.00$g0$hP$5Uk
=ACF  \\$aPrevious copyright fee: GBP27.00$c29\0$e01-jan-2018$fGBP27.00$g0$hP$5Uk
=ACF  \\$aPrevious copyright fee: GBP28.00$c29\0$e01-jan-2019$fGBP28.00$g0$hP$5Uk
=ACF  \\$aPrevious Copyright Fee: GBP29.00$c29\0$e01-jan-2020$fGBP29.00$g0$hP$5Uk
=CAT  \\$a7174$b40$c20080110$lBLL01$h1435
=CAT  \\$aIPL-CLA$c20141231$lBLL01$h1658
=CAT  \\$aBATCH-UPD$b00$c20151119$lBLL01$h1552
=CAT  \\$aIPL-CLA$c20151231$lBLL01$h1928
=CAT  \\$aBATCH-UPD$b00$c20160524$lBLL01$h2212
=CAT  \\$aBATCH-UPD$b00$c20160525$lBLL01$h0032
=CAT  \\$aBATCH-UPD$b00$c20161122$lBLL01$h1521
=CAT  \\$aIPL-CLA$c20161230$lBLL01$h2258
=CAT  \\$aBATCH-UPD$b00$c20171121$lBLL01$h1704
=CAT  \\$aW1711-1005$c20171206$lBLL01$h1820
=CAT  \\$aIPL-CLA$c20171231$lBLL01$h1730
=CAT  \\$aBATCH-UPD$b00$c20181217$lBLL01$h1652
=CAT  \\$aIPL-CLA$c20181231$lBLL01$h1547
=CAT  \\$aW1910-0530$c20191007$lBLL01$h1114
=CAT  \\$aR1911-1518$c20191206$lBLL01$h1405
=CAT  \\$aIPL-CLA$c20191231$lBLL01$h2002
=CAT  \\$a5410$b40$c20200227$lBLL01$h1357
=CAT  \\$aBATCH-UPD$b40$c20220308$lBLL01$h1728
=CAT  \\$aIPL-CLA$c20220331$lBLL01$h1952
=CAT  \\$a5410$b40$c20221025$lBLL01$h1257
=CAT  \\$a12654$b40$c20230307$lBLL01$h0950
=CAT  \\$aS2302-1302$c20230322$lBLL01$h1708
=CAT  \\$aS2302-1302$c20230323$lBLL01$h1444
=CAT  \\$aIPL-CLA$c20230331$lBLL01$h1547
=CAT  \\$aS2304-0519$c20230412$lBLL01$h1140
=CAT  \\$aBATCH-SUPP$c20230426$lBLL01$h1109
=CFI  0\$aCurrent Copyright Fee: GBP42.00$c29\0$e01-apr-2023$fGBP42.00$g0$hP$5Uk
=CFI  2\$aPrevious copyright fee: GBP32.00$c29\0$e01-apr-2022$fGBP32.00$g0$hP$5Uk
=EST  \\$a1
=FFP  \\$aY$bBLDSS-3PM
=FIN  \\$aY$d20140130
=FMT  \\$a  SE
=LAS  \\$aBATCH-SUPP$b00$c20230426$lBLL01$h1109
=LEO  \\$aMP22.0000067639
=LET  \0$aSocio-economic review (Electronic)
=LKR  \\$aPAR$b009918763$lBLL01$r776$mSocio-economic review (Online)$nSocio-economic review (Print)
=MNI  \\$a1475-1461
=SID  \\$aZ39$bOCLC
=SRC  \\$aISN01$bbibmp22.200404.2.aa
=TCO  \\$aCLA$bCLA$c008
=TOC  \\$aETOC
=UNO  \\$aY

