=LDR  05653cas a2201297 a 4500
=001  014582098
=003  Uk
=005  20230426110938.0
=006  m\\\\\\\\d\\\\\\\\
=007  cr\cnu||||||||
=008  020823c19429999enkmr\pso\\\\\0\\\a0eng\d
=010  \\$a2008247760
=015  \\$aGBB350701$2bnb
=022  0\$a1753-4887$l0029-6643$202
=035  \\$a(OCoLC)50475167$z(OCoLC)55070925$z(OCoLC)223368208
=037  \\$aISSN_00296643$bPortico$nWiley
=037  2\$anutritionreviews$bOxford University Press
=037  3\$aISSN_00296643_4$bPortico$nOxford University Press
=040  \\$aSBH$beng$cSBH$dOCLCQ$dNLGGC$dPFM$dSBH$dFQM$dOCLCS$dAU@$dUk
=042  \\$aissnuk$aukblsr
=050  00$aTX341$b.N85
=060  00$aW1$bNU945
=082  00$a613.2$223
=084  \\$a44.21$2bcl
=130  0\$aNutrition reviews (Online)
=210  0\$aNutr. rev.$b(Online)
=222  \0$aNutrition reviews$b(Online)
=245  10$aNutrition reviews$h[electronic resource].
=260  \\$aNew York, NY :$bNutrition Foundation,$c[1942]-
=260  2\$aOxford :$bBlackwell
=260  2\$aOxford :$bWiley
=264  31$aOxford :$bOxford University Press
=310  \\$aMonthly
=336  \\$atext$2rdacontent
=337  \\$acomputer$2rdamedia
=338  \\$aonline resource$2rdacarrier
=362  1\$aPrint began with: Vol. 1 (Nov. 1942).
=538  \\$aMode of access: World Wide Web.
=540  \\$aCurrent Copyright Fee: GBP32.00$c29\0$5Uk
=550  \\$aPublished on behalf of International Life Sciences Institute.
=588  \\$aDescription based on: Vol. 56 (1, (Part 1)) (Jan. 1998); title from available issues screen (viewed Aug. 23, 2002).
=588  \\$aLatest issue consulted: volume 73, issue 3 (01 March 2015) (Oxford University Press Journals, viewed March 16, 2015).
=650  \0$aNutrition$vPeriodicals.
=650  \0$aDiet$vPeriodicals.
=650  \2$aDiet$vPeriodicals.
=650  \2$aNutrition$vPeriodicals.
=650  17$aVoeding.$2gtt
=710  2\$aInternational Life Sciences Institute.
=776  08$iAlso issued in print as:$tNutrition reviews$x0029-6643
=852  41$aBritish Library$bHMNTS$jELD Digital store$3Volume 1:Number 1(1942)-***Previous issues available in print copy
=852  41$aBritish Library$bDSC$j6189.000000$3Volume 66:Issue 1(2008)-Volume 80:Issue 6(2022)***See ESTAR for full holdings.
=856  \\$31850-9999$uhttp://onlinelibrary.wiley.com/$xBLDSS
=856  40$uhttp://gateway.ovid.com/ovidweb.cgi?T=JS&MODE=ovid&PAGE=toc&D=ovft&AN=00006226-000000000-00000
=856  40$uhttp://onlinelibrary.wiley.com/journal/10.1111/(ISSN)1753-4887
=856  40$uhttp://proquest.umi.com/pqdweb?RQT=318&TS=1083249190&clientId=29010&VType=PQD&VName=PQD&VInst=PROD&pmid=000028287&PageNum=1
=856  40$uhttp://www.blackwell-synergy.com/loi/nure
=856  40$uhttp://www3.interscience.wiley.com/journal/118902515/home
=856  40$uhttp://nutritionreviews.oxfordjournals.org/
=859  \\$aXLD$bejournal$cSFX
=859  \\$aELD$bejournal
=945  \\$aNutrition reviews -Washington-
=959  \\$fCurrently available
=979  \\$aBritish Library$bDSC$j6189.000000
=985  \\$aCONFERENCE ANALYTIC RECORDS EXIST
=ACF  \\$aPrevious Copyright Fee: GBP22.00$c10\0$e07-apr-2008$fGBP22.00$g0$hP$5Uk
=ACF  \\$aPrevious copyright fee: GBP23.00$c29\0$e01-jan-2015$fGBP23.00$g0$hP$5Uk
=ACF  \\$aPrevious copyright fee: GBP24.00$c29\0$e01-jan-2016$fGBP24.00$g0$hP$5Uk
=ACF  \\$aPrevious copyright fee: GBP26.00$c29\0$e01-jan-2017$fGBP26.00$g0$hP$5Uk
=ACF  \\$aPrevious copyright fee: GBP27.00$c29\0$e01-jan-2018$fGBP27.00$g0$hP$5Uk
=ACF  \\$aPrevious copyright fee: GBP28.00$c29\0$e01-jan-2019$fGBP28.00$g0$hP$5Uk
=ACF  \\$aPrevious Copyright Fee: GBP20.00$c29\0$e01-jan-2020$fGBP20.00$g0$hP$5Uk
=CAT  \\$a7174$b40$c20080407$lBLL01$h1044
=CAT  \\$a11205$b40$c20150316$lBLL01$h1434
=CAT  \\$a11205$b40$c20150316$lBLL01$h1438
=CAT  \\$a11205$b40$c20150401$lBLL01$h1131
=CAT  \\$aBATCH-UPD$b40$c20151119$lBLL01$h1552
=CAT  \\$aIPL-CLA$c20151231$lBLL01$h1929
=CAT  \\$aBATCH-UPD$b00$c20160524$lBLL01$h2212
=CAT  \\$aBATCH-UPD$b00$c20160525$lBLL01$h0034
=CAT  \\$aBATCH-UPD$b00$c20161122$lBLL01$h1521
=CAT  \\$aIPL-CLA$c20161230$lBLL01$h2303
=CAT  \\$aBATCH-UPD$b00$c20171121$lBLL01$h1704
=CAT  \\$aW1711-1005$c20171206$lBLL01$h1821
=CAT  \\$aIPL-CLA$c20171231$lBLL01$h1732
=CAT  \\$aBATCH-UPD$b00$c20181217$lBLL01$h1652
=CAT  \\$aIPL-CLA$c20181231$lBLL01$h1547
=CAT  \\$a15005$b40$c20191014$lBLL01$h1108
=CAT  \\$aR1911-1518$c20191206$lBLL01$h1419
=CAT  \\$aIPL-CLA$c20191231$lBLL01$h2004
=CAT  \\$aBATCH-UPD$b00$c20220308$lBLL01$h1735
=CAT  \\$aIPL-CLA$c20220331$lBLL01$h1952
=CAT  \\$a12654$b40$c20221214$lBLL01$h1345
=CAT  \\$aS2302-1302$c20230322$lBLL01$h1708
=CAT  \\$aS2302-1302$c20230323$lBLL01$h1444
=CAT  \\$aIPL-CLA$c20230331$lBLL01$h1547
=CAT  \\$aS2304-0519$c20230412$lBLL01$h1140
=CAT  \\$aBATCH-SUPP$c20230426$lBLL01$h1109
=CFI  0\$aCurrent Copyright Fee: GBP32.00$c29\0$e01-apr-2023$fGBP32.00$g0$hP$5Uk
=CFI  2\$aPrevious copyright fee: GBP22.00$c29\0$e01-apr-2022$fGBP22.00$g0$hP$5Uk
=EST  \\$a1
=FFP  \\$aY$bBLDSS-3PM
=FIN  \\$aY$d20120710
=FMT  \\$a  SE
=LAS  \\$aBATCH-SUPP$b00$c20230426$lBLL01$h1109
=LET  \0$aNutrition reviews (Electronic)
=LKR  \\$aPAR$b007177461$lBLL01$r776$mNutrition reviews (Online)$nNutrition reviews (Print)
=MNI  \\$a0029-6643
=SID  \\$aZ39$bOCLC
=TCO  \\$aTRS$bCCC$c008
=TOC  \\$aETOC
=UNO  \\$aY

