=LDR  04667cas a2201069 a 4500
=001  014631488
=003  Uk
=005  20230426110942.0
=006  m\\\\\\\\d\|\\\\\\
=007  cr||||||||||||
=008  080602c20099999enktr\p\s\\\\\0\\\a0eng\\
=015  \\$aGBB080450$2bnb
=022  0\$a1757-9627$202
=037  \\$ajhuman$bOxford University Press
=037  3\$aISSN_17579619$bPortico$nOxford University Press
=040  \\$aUk$beng$cUk$dUk
=042  \\$aissnuk$aukblsr
=082  04$a341.4805$222
=130  0\$aJournal of human rights practice (Online)
=222  \0$aJournal of human rights practice$b(Online)
=245  10$aJournal of human rights practice$h[electronic resource].
=246  13$aJHRP
=260  \\$aOxford :$bOxford University Press
=310  \\$aThree issues yearly
=336  \\$atext$2rdacontent
=337  \\$acomputer$2rdamedia
=338  \\$aonline resource$2rdacarrier
=362  0\$aVol. 1, no. 1 (Mar. 2009)-
=500  \\$aTitle from pdf (Oxford journals website, viewed July 7, 2010).
=540  \\$aCurrent Copyright Fee: GBP32.00$c29\0$5Uk
=550  \\$aPublished in association with: The Centre for Applied Human Rights at the University of York.
=588  \\$aLatest issue consulted: volume 5, number 3 (November 2013) (viewed January 29, 2014).
=650  \0$aHuman rights$vPeriodicals.
=710  2\$aUniversity of York.$bCentre for Applied Human Rights.
=776  0\$tJournal of human rights practice$x1757-9619
=852  41$aBritish Library$bHMNTS$jELD Digital store$3Volume 6:Number 1(2014:Mar.)-
=852  41$aBritish Library$bDSC$j5003.432500$3Volume 1:Issue 1(2009)-Volume 3:Issue 3(2011)***See ESTAR for full holdings.
=856  \\$31850-9999$uhttp://ukcatalogue.oup.com/$xBLDSS
=856  4\$uhttp://jhrp.oxfordjournals.org/
=859  \\$aELD$bejournal
=859  \\$aXLD$bejournal$cSFX
=945  \\$aJournal of human rights practice
=959  \\$fCurrently available
=979  \\$aBritish Library$bDSC$j5003.432500
=ACF  \\$aPrevious copyright fee: GBP18.00$c29\0$e01-jan-2009$fGBP18.00$g0$hP$5Uk
=ACF  \\$aPrevious copyright fee: GBP14.00$c29\0$e01-jan-2010$fGBP14.00$g0$hP$5Uk
=ACF  \\$aPrevious copyright fee: GBP20.00$c29\0$e01-jan-2013$fGBP20.00$g0$hP$5Uk
=ACF  \\$aPrevious copyright fee: GBP16.00$c29\0$e01-jan-2015$fGBP16.00$g0$hP$5Uk
=ACF  \\$aPrevious copyright fee: GBP17.00$c29\0$e01-jan-2016$fGBP17.00$g0$hP$5Uk
=ACF  \\$aPrevious copyright fee: GBP18.00$c29\0$e01-jan-2017$fGBP18.00$g0$hP$5Uk
=ACF  \\$aPrevious copyright fee: GBP19.00$c29\0$e01-jan-2018$fGBP19.00$g0$hP$5Uk
=ACF  \\$aPrevious copyright fee: GBP20.00$c29\0$e01-jan-2019$fGBP20.00$g0$hP$5Uk
=ACF  \\$aPrevious Copyright Fee: GBP20.00$c29\0$e01-jan-2020$fGBP20.00$g0$hP$5Uk
=CAT  \\$a6537$b40$c20080602$lBLL01$h1246
=CAT  \\$aIPL-CLA$c20141231$lBLL01$h1658
=CAT  \\$aBATCH-UPD$b00$c20151119$lBLL01$h1553
=CAT  \\$aBATCH-UPD$b00$c20151119$lBLL01$h1554
=CAT  \\$aBATCH-UPD$b00$c20151213$lBLL01$h1327
=CAT  \\$aIPL-CLA$c20151231$lBLL01$h1929
=CAT  \\$aBATCH-UPD$b00$c20160524$lBLL01$h2212
=CAT  \\$aBATCH-UPD$b00$c20160525$lBLL01$h0035
=CAT  \\$aBATCH-UPD$b00$c20161122$lBLL01$h1517
=CAT  \\$aIPL-CLA$c20161230$lBLL01$h2306
=CAT  \\$aBATCH-UPD$b00$c20171121$lBLL01$h1659
=CAT  \\$aW1711-1005$c20171206$lBLL01$h1821
=CAT  \\$aIPL-CLA$c20171231$lBLL01$h1734
=CAT  \\$aBATCH-UPD$b00$c20181217$lBLL01$h1654
=CAT  \\$aIPL-CLA$c20181231$lBLL01$h1548
=CAT  \\$aW1910-0530$c20191007$lBLL01$h1114
=CAT  \\$aR1911-1518$c20191206$lBLL01$h1418
=CAT  \\$aIPL-CLA$c20191231$lBLL01$h2005
=CAT  \\$aBATCH-UPD$b00$c20220308$lBLL01$h1735
=CAT  \\$aIPL-CLA$c20220331$lBLL01$h1952
=CAT  \\$a12654$b40$c20230222$lBLL01$h1223
=CAT  \\$aS2302-1302$c20230322$lBLL01$h1708
=CAT  \\$aS2302-1302$c20230323$lBLL01$h1443
=CAT  \\$aIPL-CLA$c20230331$lBLL01$h1547
=CAT  \\$aS2304-0519$c20230412$lBLL01$h1140
=CAT  \\$aBATCH-SUPP$c20230426$lBLL01$h1109
=CFI  0\$aCurrent Copyright Fee: GBP32.00$c29\0$e01-apr-2023$fGBP32.00$g0$hP$5Uk
=CFI  2\$aPrevious copyright fee: GBP22.00$c29\0$e01-apr-2022$fGBP22.00$g0$hP$5Uk
=EST  \\$a1
=FFP  \\$aY$bBLDSS-3PM
=FIN  \\$aY$d20091214
=FMT  \\$a  SE
=LAS  \\$aBATCH-SUPP$b00$c20230426$lBLL01$h1109
=LET  \0$aJournal of human rights practice (Online)
=LKR  \\$aPAR$b014631489$lBLL01$r776$mJournal of human rights practice (Online)$nJournal of human rights practice (Print)
=MNI  \\$a1757-9619
=TCO  \\$aCLA$bCLA$c008
=TOC  \\$aETOC
=UNO  \\$aY

