=LDR  04885cas a2201105 a 4500
=001  014634576
=003  Uk
=005  20230426110942.0
=006  m\\\\\\\\d\|\\\\\\
=007  cr||||||||||||
=008  080604c20099999enkmr\p\s\\\\\0\\\a0eng\\
=015  \\$aGBA9B0167$2bnb
=022  0\$a1757-9708$202
=037  2\$aISSN_17579694$bPortico$nRoyal Society of Chemistry
=037  3\$aISSN_17579694_4$bPortico$nOxford University Press
=037  \\$a???$bOxford University Press
=040  \\$aUk$beng$cUk$dUk
=042  \\$aissnuk$aukblsr
=082  04$a570.5$222
=130  0\$aIntegrative biology (Cambridge, England : Online)
=210  0\$aIntegr. biol.$b(Camb., Online)
=222  \0$aIntegrative biology$b(Cambridge. Online)
=245  10$aIntegrative biology$h[electronic resource] :$bquantitative biosciences from nano to macro.
=260  \\$aCambridge :$bRoyal Society of Chemistry,$c2009-
=310  \\$aMonthly
=336  \\$atext$2rdacontent
=337  \\$acomputer$2rdamedia
=338  \\$aonline resource$2rdacarrier
=362  0\$aVol. 1, no. 1 (Jan. 2009)-
=500  \\$aTitle from contents screen (RCS Publishing, viewed on Nov. 12, 2009).
=538  \\$aMode of access: World Wide Web.
=540  \\$aCurrent copyright fee: GBP32.00$c29\0$5Uk
=588  \\$aLatest issue consulted: volume 10, number 9 (September 2018) (pubs.rsc.org, viewed September 26, 2018).
=650  \0$aBiology$vPeriodicals.
=650  \0$aTechnology$vPeriodicals.
=650  \0$aBiological systems$vPeriodicals.
=710  2\$aRoyal Society of Chemistry (Great Britain)
=776  08$iAlso issued in print as:$tIntegrative biology (Cambridge, England)$x1757-9694
=852  41$aBritish Library$bSTI$jELD Digital store$3Volume 7:Issue 5(2015:May)-***Previous issues available in print copy
=852  41$aBritish Library$bDSC$j9830.238000$3Volume 1:Issue 1(2009)-Volume 10:Issue 12(2018)***See ESTAR for full holdings.
=856  \\$31850-9999$uhttp://www.rsc.org/$xBLDSS
=856  40$uhttp://www.rsc.org/Publishing/Journals/ib/Index.asp
=859  \\$aXLD$bejournal$cSFX
=859  \\$aELD$bejournal
=945  \\$aIntegrative biology- Royal Society of Chemistry
=959  \\$fCurrently available
=979  \\$aBritish Library$bDSC$j9830.238000
=985  \\$aDue to transfer to Oxford University Press from 2019 - NISO Transfer Alert. See also print record.
=ACF  \\$aPrevious copyright fee: GBP31.50$c6\1$e01-apr-2010$fGBP31.50$g0$hP$5Uk
=ACF  \\$aPrevious copyright fee: GBP28.35$c6\1$e20-jan-2009$fGBP28.35$g0$hP$5Uk
=ACF  \\$aPrevious copyright fee: GBP33.60$c6\1$e01-jul-2011$fGBP33.60$g0$hP$5Uk
=ACF  \\$aPrevious copyright fee: GBP37.80$c6\1$e01-jan-2013$fGBP37.80$g0$hP$5Uk
=ACF  \\$aPrevious copyright fee: GBP35.70$c6\1$e01-jan-2012$fGBP35.70$g0$hP$5Uk
=ACF  \\$aPrevious copyright fee: GBP41.80$c6\1$e02-jul-2015$fGBP41.80$g0$hP$5Uk
=ACF  \\$aPrevious copyright fee: GBP46.75$c6\1$e01-jan-2017$fGBP46.75$g0$hP$5Uk
=ACF  \\$aPrevious copyright fee: GBP28.00$c29\0$e01-jan-2019$fGBP28.00$g0$hP$5Uk
=CAT  \\$a6537$b40$c20080604$lBLL01$h1010
=CAT  \\$aBATCH-UPD$b40$c20161122$lBLL01$h1547
=CAT  \\$aIPL-CLA$c20161230$lBLL01$h2306
=CAT  \\$aW1711-1005$c20171206$lBLL01$h1821
=CAT  \\$a10983$b40$c20180908$lBLL01$h0633
=CAT  \\$a10806$b40$c20180926$lBLL01$h0911
=CAT  \\$a5552$b40$c20181213$lBLL01$h1353
=CAT  \\$aIPL-CLA$c20181231$lBLL01$h1548
=CAT  \\$a8055$b40$c20190220$lBLL01$h1048
=CAT  \\$a8055$b40$c20190220$lBLL01$h1049
=CAT  \\$a15005$b40$c20191015$lBLL01$h1400
=CAT  \\$a5410$b40$c20191016$lBLL01$h1040
=CAT  \\$a5410$b40$c20191023$lBLL01$h0836
=CAT  \\$a5410$b40$c20191023$lBLL01$h0837
=CAT  \\$a15005$b40$c20191114$lBLL01$h1355
=CAT  \\$aR1911-1518$c20191206$lBLL01$h1405
=CAT  \\$aIPL-CLA$c20191231$lBLL01$h2005
=CAT  \\$a12654$b40$c20200109$lBLL01$h1349
=CAT  \\$a5410$b40$c20200211$lBLL01$h1123
=CAT  \\$a5410$b40$c20200219$lBLL01$h0847
=CAT  \\$aBATCH-UPD$b40$c20220308$lBLL01$h1728
=CAT  \\$aIPL-CLA$c20220331$lBLL01$h1952
=CAT  \\$a5410$b40$c20221026$lBLL01$h1138
=CAT  \\$a12654$b40$c20230209$lBLL01$h1149
=CAT  \\$aS2302-1302$c20230322$lBLL01$h1708
=CAT  \\$aBATCH-SUPP$c20230426$lBLL01$h1109
=CFI  0\$aCurrent copyright fee: GBP32.00$c29\0$e01-apr-2022$fGBP32.00$g0$hP$5Uk
=CFI  2\$aPrevious Copyright Fee: GBP29.00$c29\0$e01-jan-2020$fGBP29.00$g0$hP$5Uk
=EST  \\$a1
=FFP  \\$aY$bBLDSS-3PM
=FIN  \\$aY$d20091113
=FMT  \\$a  SE
=LAS  \\$aBATCH-SUPP$b00$c20230426$lBLL01$h1109
=LET  \0$aIntegrative biology (Online)
=LKR  \\$aPAR$b014634577$lBLL01$nIntegrative biology (Print)$mIntegrative biology (Online)$r776
=MNI  \\$a1757-9694
=TCO  \\$aCLA$bCLA$c008
=TOC  \\$aETOC
=UNO  \\$aY

