=LDR  04411cas a2201045 a 4500
=001  014667233
=003  Uk
=005  20230426110944.0
=006  m\\\\\\\\d\|\\\\\\
=007  cr||||||||||||
=008  080715c19869999enkmr\p\s\\\\\0\\\a0eng\\
=015  \\$aGBB407657$2bnb
=022  0\$a1758-4469$202
=037  \\$atreephys$bOxford University Press
=037  3\$aISSN_0829318X$bPortico$nOxford University Press
=040  \\$aUk$beng$cUk$dUk
=042  \\$aissnuk$aukblsr
=082  04$a582.16$222
=130  0\$aTree physiology (Online)
=210  0\$aTree physiol.$b(Online)
=222  \0$aTree physiology$b(Online)
=245  10$aTree physiology$h[electronic resource].
=260  \\$aVictoria, B.C. :$bHeron
=260  3\$aOxford :$bOxford University Press
=310  \\$aMonthly
=336  \\$atext$2rdacontent
=337  \\$acomputer$2rdamedia
=338  \\$aonline resource$2rdacarrier
=362  0\$aVol. 1, no. 1 (June 1986)-
=500  \\$aTitle from PDF running title (Oxford Journals web site, viewed June 29, 2010).
=540  \\$aCurrent Copyright Fee: GBP33.00$c29\0$5Uk
=588  \\$aLatest issue consulted: volume 33, issue 12 (December 2013), viewed January 21, 2014.
=650  \0$aTrees$xPhysiology$vPeriodicals.
=776  0\$tTree physiology$x0829-318X
=852  41$aBritish Library$bHMNTS$jELD Digital store$3Volume 34:Number 1(2014:Jan.)-***Previous issues available in print copy
=852  41$aBritish Library$bDSC$j9047.625000$3Volume 25:Issue 4(2005)-Volume 31:Issue 12(2011)***See ESTAR for full holdings.
=856  \\$31850-9999$uhttp://ukcatalogue.oup.com/$xBLDSS
=856  40$uhttp://treephys.oxfordjournals.org/
=859  \\$aELD$bejournal
=859  \\$aXLD$bejournal$cSFX
=945  \\$aTree physiology -Victoria-
=959  \\$fCurrently available
=979  \\$aBritish Library$bDSC$j9047.625000
=985  \\$aCONFERENCE ANALYTIC RECORDS EXIST
=ACF  \\$aPrevious copyright fee: GBP18.00$c29\0$e01-jan-2009$fGBP18.00$g0$hP$5Uk
=ACF  \\$aPrevious copyright fee: GBP20.00$c29\0$e01-jan-2013$fGBP20.00$g0$hP$5Uk
=ACF  \\$aPrevious copyright fee: GBP23.00$c29\0$e01-jan-2015$fGBP23.00$g0$hP$5Uk
=ACF  \\$aPrevious copyright fee: GBP24.00$c29\0$e01-jan-2016$fGBP24.00$g0$hP$5Uk
=ACF  \\$aPrevious copyright fee: GBP26.00$c29\0$e01-jan-2017$fGBP26.00$g0$hP$5Uk
=ACF  \\$aPrevious copyright fee: GBP27.00$c29\0$e01-jan-2018$fGBP27.00$g0$hP$5Uk
=ACF  \\$aPrevious copyright fee: GBP28.00$c29\0$e01-jan-2019$fGBP28.00$g0$hP$5Uk
=ACF  \\$aPrevious Copyright Fee: GBP20.00$c29\0$e01-jan-2020$fGBP20.00$g0$hP$5Uk
=CAT  \\$a6537$b40$c20080715$lBLL01$h0918
=CAT  \\$aBATCH-UPD$b00$c20151119$lBLL01$h1552
=CAT  \\$aIPL-CLA$c20151231$lBLL01$h1929
=CAT  \\$aBATCH-UPD$b00$c20160523$lBLL01$h2355
=CAT  \\$aBATCH-UPD$b00$c20160524$lBLL01$h2212
=CAT  \\$aBATCH-UPD$b00$c20161122$lBLL01$h1521
=CAT  \\$aIPL-CLA$c20161230$lBLL01$h2308
=CAT  \\$aBATCH-UPD$b00$c20171121$lBLL01$h1704
=CAT  \\$aW1711-1005$c20171206$lBLL01$h1821
=CAT  \\$aIPL-CLA$c20171231$lBLL01$h1735
=CAT  \\$aBATCH-UPD$b00$c20181217$lBLL01$h1652
=CAT  \\$aIPL-CLA$c20181231$lBLL01$h1548
=CAT  \\$aW1910-0530$c20191007$lBLL01$h1114
=CAT  \\$aR1911-1518$c20191206$lBLL01$h1419
=CAT  \\$aIPL-CLA$c20191231$lBLL01$h2006
=CAT  \\$a5410$b40$c20200204$lBLL01$h1139
=CAT  \\$a5410$b40$c20200204$lBLL01$h1141
=CAT  \\$aBATCH-UPD$b40$c20220308$lBLL01$h1735
=CAT  \\$aIPL-CLA$c20220331$lBLL01$h1952
=CAT  \\$a5410$b40$c20221026$lBLL01$h1141
=CAT  \\$a12654$b40$c20230307$lBLL01$h1203
=CAT  \\$aS2302-1302$c20230322$lBLL01$h1708
=CAT  \\$aS2302-1302$c20230323$lBLL01$h1444
=CAT  \\$aIPL-CLA$c20230331$lBLL01$h1547
=CAT  \\$aS2304-0519$c20230412$lBLL01$h1140
=CAT  \\$aBATCH-SUPP$c20230426$lBLL01$h1109
=CFI  0\$aCurrent Copyright Fee: GBP33.00$c29\0$e01-apr-2023$fGBP33.00$g0$hP$5Uk
=CFI  2\$aPrevious copyright fee: GBP22.00$c29\0$e01-apr-2022$fGBP22.00$g0$hP$5Uk
=FFP  \\$aY$bBLDSS-3PM
=FIN  \\$aY$d20090126
=FMT  \\$a  SE
=LAS  \\$aBATCH-SUPP$b00$c20230426$lBLL01$h1109
=LET  \0$aTree physiology (Electronic)
=LKR  \\$aPAR$b011142937$lBLL01$r776$mTree physiology (Online)$nTree physiology
=MNI  \\$a0829-318X
=TCO  \\$aCLA$bCLA$c008
=TOC  \\$aETOC
=UNO  \\$aY

