=LDR  05959cas a2201273 a 4500
=001  014678504
=003  Uk
=005  20230426110945.0
=006  m\\\\\\\\d\\\\\\\\
=007  cr\cn|||||||||
=008  030522c19959999enkbr\pss\\\\\0\\\a0eng\d
=015  \\$aGBA9C2245$2bnb
=022  0\$a1758-5368$202
=035  \\$a(OCoLC)52300158
=037  \\$ageronb$bOxford University Press
=037  3\$aISSN_10795014$bPortico$nOxford University Press
=040  \\$aPIT$cPIT$dOCLCQ$dOHI$dLGG$dOCLCQ$dCUD$dUk
=042  \\$aukblsr$aissnuk
=050  14$aRC952.A1$bJ6852
=082  00$a305.26$222
=130  0\$aJournals of gerontology. Series B, Psychological sciences and social sciences (Online)
=210  0\$aJ. geront., Ser. B Psychol. sci. soc. sci.$b(Online)
=222  \4$aThe journals of gerontology. Series B, Psychological sciences and social sciences$b(Online)
=245  14$aThe journals of gerontology.$nSeries B,$pPsychological sciences and social sciences$h[electronic resource].
=246  30$aPsychological sciences and social sciences
=260  \\$aWashington, DC :$bGerontological Society of America
=260  3\$aOxford :$bOxford University Press
=310  \\$aBimonthly
=336  \\$atext$2rdacontent
=337  \\$acomputer$2rdamedia
=338  \\$aonline resource$2rdacarrier
=362  0\$aVol. 50B, no. 1 (Jan. 1995)-
=500  \\$aConsists of separately paginated sections called: Journal of gerontology. Psychological sciences, and: Journal of gerontology. Social sciences.
=500  \\$aTitle from PDF cover (Oxford Journals, viewed Dec. 8, 2009).
=530  \\$aAlso issued in print.
=538  \\$aMode of access: World Wide Web.
=540  \\$aCurrent Copyright Fee: GBP44.00$c29\0$5Uk
=580  \\$aIncludes issues of earlier title: Journal of gerontology.
=588  \\$aLatest issue consulted: volume 69B, number 1 (January 2014) (Oxford Journals, viewed February 4, 2014).
=650  \0$aGeriatrics$vPeriodicals.
=650  \0$aGerontology$vPeriodicals.
=650  12$aAged$vPeriodicals.
=650  12$aAging$vPeriodicals.
=650  22$aPsychology, Social$vPeriodicals.
=690  7\$aSocial Welfare$2blcoll
=710  2\$aGerontological Society of America.
=740  02$aJournal of gerontology. Psychological sciences (Online)
=740  02$aJournal of gerontology. Social sciences (Online)
=776  1\$tJournals of gerontology. Series B, Psychological sciences and social sciences$x1079-5014
=780  01$tJournal of gerontology$x2331-3323
=852  41$aBritish Library$bDSC$j4995.099100$3Volume 55:Number 1(2000)-Volume 66:Number 6(2011)***See ESTAR for full holdings.
=852  41$aBritish Library$bHMNTS$jELD Digital store$3Volume 69:Number 2(2014:Mar.)-***Previous issues available in print copy
=856  \\$31850-9999$uhttp://ukcatalogue.oup.com/$xBLDSS
=856  40$uhttps://academic.oup.com/psychsocgerontology
=856  40$uhttp://psychsoc.gerontologyjournals.org/
=856  40$uhttp://psychsocgerontology.oxfordjournals.org/
=859  \\$aELD$bejournal
=859  \\$aXLD$bejournal$cSFX
=945  \\$aJournals of gerontology series B
=959  \\$fCurrently available
=979  \\$aBritish Library$bDSC$j4995.099100
=ACF  \\$aPrevious copyright fee: GBP18.00$c29\0$e01-jan-2009$fGBP18.00$g0$hP$5Uk
=ACF  \\$aPrevious copyright fee: GBP20.00$c29\0$e01-jan-2013$fGBP20.00$g0$hP$5Uk
=ACF  \\$aPrevious copyright fee: GBP23.00$c29\0$e01-jan-2015$fGBP23.00$g0$hP$5Uk
=ACF  \\$aPrevious copyright fee: GBP24.00$c29\0$e01-jan-2016$fGBP24.00$g0$hP$5Uk
=ACF  \\$aPrevious copyright fee: GBP26.00$c29\0$e01-jan-2017$fGBP26.00$g0$hP$5Uk
=ACF  \\$aPrevious copyright fee: GBP27.00$c29\0$e01-jan-2018$fGBP27.00$g0$hP$5Uk
=ACF  \\$aPrevious copyright fee: GBP28.00$c29\0$e01-jan-2019$fGBP28.00$g0$hP$5Uk
=ACF  \\$aPrevious Copyright Fee: GBP29.00$c29\0$e01-jan-2020$fGBP29.00$g0$hP$5Uk
=CAT  \\$a6537$b40$c20080728$lBLL01$h1410
=CAT  \\$aBATCH-UPD$b00$c20151119$lBLL01$h1552
=CAT  \\$aIPL-CLA$c20151231$lBLL01$h1929
=CAT  \\$aBATCH-UPD$b00$c20160524$lBLL01$h2212
=CAT  \\$aBATCH-UPD$b00$c20160525$lBLL01$h0036
=CAT  \\$aBATCH-UPD$b00$c20161122$lBLL01$h1521
=CAT  \\$aIPL-CLA$c20161230$lBLL01$h2309
=CAT  \\$aBATCH-UPD$b00$c20171121$lBLL01$h1704
=CAT  \\$aW1711-1005$c20171206$lBLL01$h1821
=CAT  \\$aIPL-CLA$c20171231$lBLL01$h1735
=CAT  \\$aBATCH-UPD$b00$c20181217$lBLL01$h1652
=CAT  \\$aIPL-CLA$c20181231$lBLL01$h1548
=CAT  \\$aW1910-0530$c20191007$lBLL01$h1114
=CAT  \\$aR1911-1518$c20191206$lBLL01$h1405
=CAT  \\$aIPL-CLA$c20191231$lBLL01$h2006
=CAT  \\$a8483$b40$c20201021$lBLL01$h1408
=CAT  \\$aBATCH-UPD$b40$c20220308$lBLL01$h1728
=CAT  \\$aIPL-CLA$c20220331$lBLL01$h1952
=CAT  \\$a12654$b40$c20230223$lBLL01$h1351
=CAT  \\$a11313$b40$c20230303$lBLL01$h1125
=CAT  \\$aS2302-1302$c20230322$lBLL01$h1708
=CAT  \\$aS2302-1302$c20230323$lBLL01$h1443
=CAT  \\$aIPL-CLA$c20230331$lBLL01$h1547
=CAT  \\$a11313$b40$c20230406$lBLL01$h0916
=CAT  \\$aS2304-0519$c20230412$lBLL01$h1140
=CAT  \\$aBATCH-SUPP$c20230426$lBLL01$h1109
=CFI  0\$aCurrent Copyright Fee: GBP44.00$c29\0$e01-apr-2023$fGBP44.00$g0$hP$5Uk
=CFI  2\$aPrevious copyright fee: GBP32.00$c29\0$e01-apr-2022$fGBP32.00$g0$hP$5Uk
=EST  \\$a1
=FFP  \\$aY$bBLDSS-3PM
=FIN  \\$aY$d20091208
=FMT  \\$a  SE
=LAS  \\$aBATCH-SUPP$b00$c20230426$lBLL01$h1109
=LET  \0$aJournals of gerontology. Series B, Psychological sciences and social sciences (Online)
=LKR  \\$aPAR$b010489812$lBLL01$r776$mThe journals of gerontology. Series B, Psychological sciences and social sciences (Online)$nThe journals of gerontology. Series B, Psychological sciences and social sciences (Print)
=MNI  \\$a1079-5014
=SID  \\$aZ39$bOCLC
=TCO  \\$aTRS$bCCC$c008
=TOC  \\$aETOC
=UNO  \\$aY

