=LDR  05579cas a2201225 a 4500
=001  014767336
=003  Uk
=005  20230426110948.0
=006  m\\\\\\\\d\\\\\\\\
=007  cr\|||||||||||
=008  081002c19939999enkfr\pss\\\\\0\\\a0eng\c
=010  \\$a2008213757
=015  \\$aGBB411398$2bnb
=022  0\$a1759-1090$202
=035  \\$a(OCoLC)259735452
=037  \\$aisle$bOxford University Press
=037  3\$aISSN_10760962$bPortico$nOxford University Press
=040  \\$aNSD$cNSD$dTXA$dUk
=042  \\$apcc$aissnuk$aukblsr
=050  14$aPN48$b.I58
=082  00$a809.9336$222
=130  0\$aInterdisciplinary studies in literature and environment (Online)
=210  0\$aInterdiscip. stud. lit. environ.$b(Online)
=222  \0$aInterdisciplinary studies in literature and environment$b(Online)
=245  10$aInterdisciplinary studies in literature and environment$h[electronic resource].
=246  13$aISLE
=260  \\$aIndiana, PA :$bIndiana University of Pennsylvania,$c1993-
=260  3\$aOxford :$bOxford University Press
=310  \\$aQuarterly,$b2009-
=321  \\$aSemiannual,$b1993-2008
=336  \\$atext$2rdacontent
=337  \\$acomputer$2rdamedia
=338  \\$aonline resource$2rdacarrier
=362  1\$aPrint began with: Vol. 1, no. 1 (spring 1993).
=500  \\$aDescription based on: Vol. 2, no. 2 (winter 1996); title from issue table of contents (Oxford journals, viewed Apr. 8, 2010).
=500  \\$aLatest issue consulted: volume 20, number 4 (summer 2013) (Oxford Journals, viewed January 29, 2014).
=500  \\$a"The official journal of the Association of the Study of Literature and Environment."
=540  \\$aCurrent Copyright Fee: GBP33.00$c29\0$5Uk
=550  \\$aIssued by: Oxford University Press, Jan. 2009-.
=650  \0$aNature in literature$vPeriodicals.
=650  \0$aEcology$vPeriodicals.
=650  \0$aConservation of natural resources$vPeriodicals.
=650  \0$aHuman ecology$vPeriodicals.
=650  \0$aEnvironmental policy$xCitizen participation$vPeriodicals.
=710  2\$aAssociation for the Study of Literature and the Environment.
=776  0\$tInterdisciplinary studies in literature and environment$x1076-0962
=776  08$iPrint version:$tInterdisciplinary studies in literature and environment$x1076-0962
=852  41$aBritish Library$bHMNTS$jELD Digital store$3Volume 20:Issue 4(2013:Autumn)-***Previous issues available in print copy
=852  41$aBritish Library$bDSC$j4583.146000$3Volume 15:Issue 1(2008)-Volume 21:Issue 4(2014)***See ESTAR for full holdings.
=856  \\$31850-9999$uhttp://ukcatalogue.oup.com/$xBLDSS
=856  40$uhttp://isle.oxfordjournals.org/
=859  \\$aXLD$bejournal$cSFX
=859  \\$aELD$bejournal
=945  \\$aISLE -Indiana PA then Reno NV-
=959  \\$fCurrently available
=979  \\$aBritish Library$bDSC$j4583.146000
=ACF  \\$aPrevious copyright fee: GBP14.00$c29\0$e01-jan-2010$fGBP14.00$g0$hP$5Uk
=ACF  \\$aPrevious copyright fee: GBP20.00$c29\0$e01-jan-2013$fGBP20.00$g0$hP$5Uk
=ACF  \\$aPrevious copyright fee: GBP23.00$c29\0$e01-jan-2015$fGBP23.00$g0$hP$5Uk
=ACF  \\$aPrevious copyright fee: GBP24.00$c29\0$e01-jan-2016$fGBP24.00$g0$hP$5Uk
=ACF  \\$aPrevious copyright fee: GBP26.00$c29\0$e01-jan-2017$fGBP26.00$g0$hP$5Uk
=ACF  \\$aPrevious copyright fee: GBP27.00$c29\0$e01-jan-2018$fGBP27.00$g0$hP$5Uk
=ACF  \\$aPrevious copyright fee: GBP28.00$c29\0$e01-jan-2019$fGBP28.00$g0$hP$5Uk
=ACF  \\$aPrevious Copyright Fee: GBP20.00$c29\0$e01-jan-2020$fGBP20.00$g0$hP$5Uk
=CAT  \\$a6537$b40$c20081002$lBLL01$h0735
=CAT  \\$aBLDSS-3PM$b00$c20141208$lBLL01$h1626
=CAT  \\$aIPL-CLA$c20141231$lBLL01$h1659
=CAT  \\$aBATCH-UPD$b00$c20151119$lBLL01$h1552
=CAT  \\$aIPL-CLA$c20151231$lBLL01$h1929
=CAT  \\$aBATCH-UPD$b00$c20160524$lBLL01$h2212
=CAT  \\$aBATCH-UPD$b00$c20160525$lBLL01$h0037
=CAT  \\$aBATCH-UPD$b00$c20161122$lBLL01$h1521
=CAT  \\$aIPL-CLA$c20161230$lBLL01$h2312
=CAT  \\$aBATCH-UPD$b00$c20171121$lBLL01$h1704
=CAT  \\$aW1711-1005$c20171206$lBLL01$h1821
=CAT  \\$aIPL-CLA$c20171231$lBLL01$h1737
=CAT  \\$aBATCH-UPD$b00$c20181217$lBLL01$h1652
=CAT  \\$aIPL-CLA$c20181231$lBLL01$h1548
=CAT  \\$aW1910-0530$c20191007$lBLL01$h1114
=CAT  \\$aR1911-1518$c20191206$lBLL01$h1419
=CAT  \\$aIPL-CLA$c20191231$lBLL01$h2007
=CAT  \\$aBATCH-UPD$b00$c20220308$lBLL01$h1735
=CAT  \\$aIPL-CLA$c20220331$lBLL01$h1952
=CAT  \\$a12654$b40$c20230221$lBLL01$h1216
=CAT  \\$a12654$b40$c20230221$lBLL01$h1219
=CAT  \\$aS2302-1302$c20230322$lBLL01$h1708
=CAT  \\$aS2302-1302$c20230323$lBLL01$h1443
=CAT  \\$aIPL-CLA$c20230331$lBLL01$h1547
=CAT  \\$aS2304-0519$c20230412$lBLL01$h1140
=CAT  \\$aBATCH-SUPP$c20230426$lBLL01$h1109
=CFI  0\$aCurrent Copyright Fee: GBP33.00$c29\0$e01-apr-2023$fGBP33.00$g0$hP$5Uk
=CFI  2\$aPrevious copyright fee: GBP22.00$c29\0$e01-apr-2022$fGBP22.00$g0$hP$5Uk
=EST  \\$a1
=FFP  \\$aY$bBLDSS-3PM
=FIN  \\$aY$d20100706
=FMT  \\$a  SE
=LAS  \\$aBATCH-SUPP$b00$c20230426$lBLL01$h1109
=LET  \0$aInterdisciplinary studies in literature and environment (Online)
=LKR  \\$aPAR$b010478140$lBLL01$r776$mInterdisciplinary studies in literature and environment (Online)$nInterdisciplinary studies in literature and environment
=MNI  \\$a1076-0962
=SID  \\$aZ39$bOCLC
=TCO  \\$aCLA$bCLA$c008
=TCO  \\$aTRS$bCCC$c008
=TOC  \\$aETOC
=UNO  \\$aY

