=LDR  04865cas a2201105 a 4500
=001  014798484
=003  Uk
=005  20230426110950.0
=006  m\\\\\\\\d\|\\\\\\
=007  cr||||||||||||
=008  081110c20099999enkfr\p\o\\\\\0\\\a0eng\\
=015  \\$aGBB082400$2bnb
=022  0\$a1759-5142$y1759-5134$202
=037  \\$acrj$bOxford University Press
=037  3\$aISSN_17595134$bPortico$nOxford University Press
=040  \\$aUk$beng$cUk$dUk
=042  \\$aukblsr$aissnuk
=082  04$a880.09$222
=130  0\$aClassical receptions journal (Online)
=222  \0$aClassical receptions journal$b(Online)
=245  10$aClassical receptions journal$h[electronic resource].
=246  13$aCRJ
=260  \\$aOxford :$bOxford University Press,$c2009-
=310  \\$aThree times a year,$b2013-
=321  \\$aSemiannual,$bSept. 2009-2012
=336  \\$atext$2rdacontent
=337  \\$acomputer$2rdamedia
=338  \\$aonline resource$2rdacarrier
=362  0\$aVol. 1, no. 1 (2009)-
=500  \\$aSome issues also have distinctive titles.
=500  \\$aTitle from pdf (Oxford Journals web site, viewed July 6, 2010).
=500  \\$aLatest issue consulted: volume 6, number 1 (January 2014) (viewed January 29, 2014).
=500  \\$a"The reception of the texts, ideas and material culture of ancient Greece and Rome from antiquity to the present day."
=540  \\$aCurrent Copyright Fee: GBP32.00$c29\0$5Uk
=650  \0$aCivilization, Classical$vPeriodicals.
=650  \0$aClassical literature$xHistory and criticism$vPeriodicals.
=650  \0$aPhilosophy, Ancient$vPeriodicals.
=650  \0$aClassical antiquities$vPeriodicals.
=776  08$iAlso issued in print as:$tClassical receptions journal$x1759-5134
=852  41$aBritish Library$bHMNTS$jELD Digital store$3Volume 5:Number 3(2013)-***Previous issues available in print copy
=852  41$aBritish Library$bDSC$j3274.582500$3Volume 1:Issue 1(2009)-Volume 3:Issue 2(2011)***See ESTAR for full holdings.
=856  \\$31850-9999$uhttp://ukcatalogue.oup.com/$xBLDSS
=856  40$uhttp://crj.oxfordjournals.org
=859  \\$aXLD$bejournal$cSFX
=859  \\$aELD$bejournal
=945  \\$aClassical receptions journal
=959  \\$fCurrently available
=979  \\$aBritish Library$bDSC$j3274.582500
=ACF  \\$aPrevious copyright fee: GBP14.00$c29\0$e01-jan-2009$fGBP14.00$g0$hP$5Uk
=ACF  \\$aPrevious copyright fee: GBP20.00$c29\0$e01-jan-2013$fGBP20.00$g0$hP$5Uk
=ACF  \\$aPrevious copyright fee: GBP23.00$c29\0$e01-jan-2015$fGBP23.00$g0$hP$5Uk
=ACF  \\$aPrevious copyright fee: GBP24.00$c29\0$e01-jan-2016$fGBP24.00$g0$hP$5Uk
=ACF  \\$aPrevious copyright fee: GBP26.00$c29\0$e01-jan-2017$fGBP26.00$g0$hP$5Uk
=ACF  \\$aPrevious copyright fee: GBP27.00$c29\0$e01-jan-2018$fGBP27.00$g0$hP$5Uk
=ACF  \\$aPrevious copyright fee: GBP28.00$c29\0$e01-jan-2019$fGBP28.00$g0$hP$5Uk
=ACF  \\$aPrevious Copyright Fee: GBP20.00$c29\0$e01-jan-2020$fGBP20.00$g0$hP$5Uk
=CAT  \\$a6537$b40$c20081110$lBLL01$h1450
=CAT  \\$aBLDSS-3PM$b00$c20141208$lBLL01$h1627
=CAT  \\$aIPL-CLA$c20141231$lBLL01$h1659
=CAT  \\$aBATCH-UPD$b00$c20151119$lBLL01$h1552
=CAT  \\$aIPL-CLA$c20151231$lBLL01$h1930
=CAT  \\$aBATCH-UPD$b00$c20160524$lBLL01$h2213
=CAT  \\$aBATCH-UPD$b00$c20160525$lBLL01$h0038
=CAT  \\$aBATCH-UPD$b00$c20161122$lBLL01$h1521
=CAT  \\$aIPL-CLA$c20161230$lBLL01$h2313
=CAT  \\$aBATCH-UPD$b00$c20171121$lBLL01$h1704
=CAT  \\$aW1711-1005$c20171206$lBLL01$h1821
=CAT  \\$aIPL-CLA$c20171231$lBLL01$h1738
=CAT  \\$aBATCH-UPD$b00$c20181217$lBLL01$h1652
=CAT  \\$aIPL-CLA$c20181231$lBLL01$h1548
=CAT  \\$aW1910-0530$c20191007$lBLL01$h1114
=CAT  \\$aR1911-1518$c20191206$lBLL01$h1418
=CAT  \\$aIPL-CLA$c20191231$lBLL01$h2008
=CAT  \\$aBATCH-UPD$b00$c20220308$lBLL01$h1735
=CAT  \\$aIPL-CLA$c20220331$lBLL01$h1952
=CAT  \\$a12654$b40$c20230125$lBLL01$h0756
=CAT  \\$aS2302-1302$c20230322$lBLL01$h1707
=CAT  \\$aS2302-1302$c20230322$lBLL01$h1708
=CAT  \\$aS2302-1302$c20230323$lBLL01$h1443
=CAT  \\$aIPL-CLA$c20230331$lBLL01$h1547
=CAT  \\$aS2304-0519$c20230412$lBLL01$h1140
=CAT  \\$aBATCH-SUPP$c20230426$lBLL01$h1109
=CFI  0\$aCurrent Copyright Fee: GBP32.00$c29\0$e01-apr-2023$fGBP32.00$g0$hP$5Uk
=CFI  2\$aPrevious copyright fee: GBP22.00$c29\0$e01-apr-2022$fGBP22.00$g0$hP$5Uk
=EST  \\$a1
=FFP  \\$aY$bBLDSS-3PM
=FIN  \\$aY$d20100706
=FMT  \\$a  SE
=LAS  \\$aBATCH-SUPP$b00$c20230426$lBLL01$h1109
=LET  \0$aClassical receptions journal (Online)
=LKR  \\$aPAR$b014798483$lBLL01$r776$mClassical receptions journal (Online)$nClassical receptions journal (Print)
=MNI  \\$a1759-5134
=TCO  \\$aCLA$bCLA$c008
=TOC  \\$aETOC
=UNO  \\$aY

