=LDR  05453cas a2201261 a 4500
=001  014858975
=003  Uk
=005  20230426110952.0
=006  m\\\\\o\\d\\\\\\\\
=007  cr\|||||||||||
=008  050114c19939999dcuqr\pso\o\\\0\\\a0eng\c
=010  \\$a2005221959
=015  \\$aGBB411518$2bnb
=022  0\$a1759-8818$202
=035  \\$a(OCoLC)57422143
=037  \\$asocrel$bOxford University Press
=037  3\$aISSN_10694404$bPortico$nOxford University Press
=040  \\$aATL$beng$cATL$dOCL$dMUQ$dEYM$dHUL$dDLC$dOCLCQ$dAGL$dOCLCF$dUk
=042  \\$aissnuk$aukblsr
=050  14$aBL60
=070  0\$aBL60$b.S626
=082  04$a306.6$223
=130  0\$aSociology of religion (Online)
=210  0\$aSociol. relig.$b(Online)
=222  \0$aSociology of religion$b(Online)
=245  10$aSociology of religion$h[electronic resource].
=260  \\$aWashington, D.C. :$bAssociation for the Sociology of Religion,$cc1993-
=260  3\$aOxford :$bOxford University Press
=310  \\$aQuarterly
=336  \\$atext$2rdacontent
=337  \\$acomputer$2rdamedia
=338  \\$aonline resource$2rdacarrier
=362  0\$aVol. 54, no. 1 (spring 1993)-
=500  \\$aTitle from cover (ATLASerials, viewed Jan. 7, 2005).
=500  \\$aPlace of publication varies.
=540  \\$aCurrent Copyright Fee: GBP42.00$c29\0$5Uk
=580  \\$aIncludes issues of earlier title: Sociological analysis (Online).
=588  \\$aLatest issue consulted: volume 74, number 4 (winter 2013) (Oxford Journals, viewed January 30, 2014).
=650  \0$aReligion and sociology$vPeriodicals.
=650  \7$aReligion and sociology.$2fast
=655  \7$aPeriodicals.$2fast
=690  7\$aSocial Welfare$2blcoll
=710  2\$aAssociation for the Sociology of Religion.
=776  0\$tSociology of religion$x1069-4404
=776  08$iAlso issued in print as:$tSociology of religion$x1069-4404
=780  10$tSociological analysis (Online)
=852  41$aBritish Library$bDSC$j8319.695500$3Volume 70:Issue 2(2009)-Volume 75:Issue 4(2014)***See ESTAR for full holdings.
=852  41$aBritish Library$bHMNTS$jELD Digital store$3Volume 75:Number 1(2014:Spring)-***Previous issues available in print copy
=856  \\$31850-9999$uhttp://ukcatalogue.oup.com/$xBLDSS
=856  40$uhttp://socrel.oxfordjournals.org/
=856  40$uhttp://www.jstor.org/journals/10694404.html
=856  40$uhttp://www.sorjournal.org/
=856  40$uhttp://purl.org/atlaonline/pls/eli/eli_bd.volsuper?TXT=n1069-4404$zSubscription required.
=859  \\$aELD$bejournal
=859  \\$aXLD$bejournal$cSFX
=945  \\$aSociology of religion
=959  \\$fCurrently available
=979  \\$aBritish Library$bDSC$j8319.695500
=985  \\$aISSN description based on: Vol. 71. issue 3 (fall 2010); title from table of contents (Oxford Journals, viewed Sept. 24, 2010).
=ACF  \\$aPrevious copyright fee: GBP20.00$c29\0$e29-mar-2010$fGBP20.00$g0$hP$5Uk
=ACF  \\$aPrevious copyright fee: GBP20.00$c29\0$e01-jan-2013$fGBP20.00$g0$hP$5Uk
=ACF  \\$aPrevious copyright fee: GBP23.00$c29\0$e01-jan-2015$fGBP23.00$g0$hP$5Uk
=ACF  \\$aPrevious copyright fee: GBP24.00$c29\0$e01-jan-2016$fGBP24.00$g0$hP$5Uk
=ACF  \\$aPrevious copyright fee: GBP26.00$c29\0$e01-jan-2017$fGBP26.00$g0$hP$5Uk
=ACF  \\$aPrevious copyright fee: GBP27.00$c29\0$e01-jan-2018$fGBP27.00$g0$hP$5Uk
=ACF  \\$aPrevious copyright fee: GBP28.00$c29\0$e01-jan-2019$fGBP28.00$g0$hP$5Uk
=ACF  \\$aPrevious Copyright Fee: GBP29.00$c29\0$e01-jan-2020$fGBP29.00$g0$hP$5Uk
=CAT  \\$a6537$b40$c20081218$lBLL01$h0808
=CAT  \\$aBATCH-UPD$b00$c20151119$lBLL01$h1552
=CAT  \\$aIPL-CLA$c20151231$lBLL01$h1930
=CAT  \\$aBATCH-UPD$b00$c20160524$lBLL01$h2213
=CAT  \\$aBATCH-UPD$b00$c20160525$lBLL01$h0038
=CAT  \\$aBATCH-UPD$b00$c20161122$lBLL01$h1521
=CAT  \\$aIPL-CLA$c20161230$lBLL01$h2315
=CAT  \\$aBATCH-UPD$b00$c20171121$lBLL01$h1704
=CAT  \\$aW1711-1005$c20171206$lBLL01$h1821
=CAT  \\$aIPL-CLA$c20171231$lBLL01$h1739
=CAT  \\$aBATCH-UPD$b00$c20181217$lBLL01$h1652
=CAT  \\$aIPL-CLA$c20181231$lBLL01$h1548
=CAT  \\$aW1910-0530$c20191007$lBLL01$h1114
=CAT  \\$aR1911-1518$c20191206$lBLL01$h1405
=CAT  \\$aIPL-CLA$c20191231$lBLL01$h2008
=CAT  \\$a5410$b40$c20200226$lBLL01$h1135
=CAT  \\$aBATCH-UPD$b40$c20220308$lBLL01$h1728
=CAT  \\$aIPL-CLA$c20220331$lBLL01$h1952
=CAT  \\$a5410$b40$c20221026$lBLL01$h1205
=CAT  \\$a12654$b40$c20230307$lBLL01$h1034
=CAT  \\$aS2302-1302$c20230322$lBLL01$h1707
=CAT  \\$aS2302-1302$c20230322$lBLL01$h1708
=CAT  \\$aS2302-1302$c20230323$lBLL01$h1444
=CAT  \\$aIPL-CLA$c20230331$lBLL01$h1547
=CAT  \\$aS2304-0519$c20230412$lBLL01$h1140
=CAT  \\$aBATCH-SUPP$c20230426$lBLL01$h1109
=CFI  0\$aCurrent Copyright Fee: GBP42.00$c29\0$e01-apr-2023$fGBP42.00$g0$hP$5Uk
=CFI  2\$aPrevious copyright fee: GBP32.00$c29\0$e01-apr-2022$fGBP32.00$g0$hP$5Uk
=EST  \\$a1
=FFP  \\$aY$bBLDSS-3PM
=FIN  \\$aY$d20100924
=FMT  \\$a  SE
=LAS  \\$aBATCH-SUPP$b00$c20230426$lBLL01$h1109
=LET  \0$aSociology of religion (Electronic)
=LKR  \\$aPAR$b009879398$lBLL01$r776$mSociology of religion (Online)$nSociology of religion
=MNI  \\$a1069-4404
=SID  \\$aZ39$bOCLC
=TCO  \\$aCLA$bCLA$c008
=TCO  \\$aTRS$bCCC$c008
=TOC  \\$aETOC
=UNO  \\$aY

