=LDR  05190cas a2201237 a 4500
=001  014899517
=003  Uk
=005  20230426110955.0
=006  m\\\\\o\\d\\\\\\\\
=007  cr\cn|||||||||
=008  010326c19939999enkmr\pso\\\\\0\\\a0eng\c
=010  \\$a2004212227
=015  \\$aGBB350782$2bnb
=022  \\$a1549-4918$l1066-5099$y1066-5099$202
=030  \\$aSTCEEJ
=035  \\$a(OCoLC)46598022$z(OCoLC)60637436
=037  3\$aISSN_10665099_4$bPortico$nOxford University Press
=037  \\$aISSN_10665099$bPortico$nWiley
=040  \\$aHNK$beng$cHNK$dMUQ$dOCLCQ$dMXC$dOCLCQ$dNSD$dOCLCQ$dMYG$dLGG$dOCLCQ$dMYG$dOCLCQ$dUk
=042  \\$aukblsr$aissnuk
=050  14$aQH442.2$b.I57
=082  04$a571.84$221
=130  0\$aStem cells (Dayton, Ohio : Online)
=210  0\$aStem cells$b(Dayt. Ohio, Online)
=222  \0$aStem cells$b(Dayton, Ohio. Online)
=245  10$aStem cells$h[electronic resource].
=260  \\$aDayton, Ohio :$bAlphaMed Press
=264  31$a[Oxford] :$bOxford University Press
=310  \\$aMonthly
=321  \\$aBimonthly
=336  \\$atext$2rdacontent
=337  \\$acomputer$2rdamedia
=338  \\$aonline resource$2rdacarrier
=362  1\$aBegan with: Vol. 11, issue 1 (Jan. 1993).
=530  \\$aAlso issued in print.
=538  \\$aMode of access: World Wide Web.
=540  \\$aCurrent Copyright Fee: GBP42.00$c29\0$5Uk
=588  \\$aDescription based on: Vol. 11, issue 1 (Jan. 1993); title from journal homepage (Wiley-Interscience, viewed June 12, 2009).
=588  \\$aLatest issue consulted: volume 40, issue 2 (February 2022) (Oxford Academic, viewed March 18, 2022).
=650  \0$aCloning$vPeriodicals.
=650  \0$aClone cells$vPeriodicals.
=650  \0$aStem cells$vPeriodicals.
=650  \2$aCell Differentiation$vPeriodicals.
=650  \2$aCell Division$vPeriodicals.
=650  \2$aClone Cells$vPeriodicals.
=650  \2$aHematopoietic Stem Cells$vPeriodicals.
=650  \2$aStem Cells$vPeriodicals.
=776  1\$tStem cells (Dayton, Ohio)$x1066-5099
=780  00$tInternational journal of cell cloning
=852  41$aBritish Library$bHMNTS$jELD Digital store$3Volume 30:Number 10(2012)-***Previous issues available in print copy
=852  41$aBritish Library$bDSC$j8464.133510$3Volume 24:Issue 1(2006)-Volume 29:Issue 12(2011)***See ESTAR for full holdings.
=856  40$uhttps://academic.oup.com/stmcls
=856  \\$31850-9999$uhttp://onlinelibrary.wiley.com/$xBLDSS
=859  \\$aELD$bejournal
=859  \\$aXLD$bejournal$cSFX
=945  \\$aStem cells
=959  \\$fCurrently available
=979  \\$aBritish Library$bDSC$j8464.133510
=985  \\$aCONFERENCE ANALYTIC RECORDS EXIST
=985  \\$aISSN UK Centre: ISSN responsibility transferred from US Center 18/3/2022.
=ACF  \\$aPrevious copyright fee: GBP17.00$c35\0$e10-feb-2009$fGBP17.00$g0$hP$5Uk
=ACF  \\$aPrevious copyright fee: GBP22.00$c35\0$e01-jan-2011$fGBP22.00$g0$hP$5Uk
=ACF  \\$aPrevious copyright fee: GBP24.00$c35\0$e01-mar-2015$fGBP24.00$g0$hP$5Uk
=ACF  \\$aPrevious copyright fee: GBP28.00$c35\0$e01-jan-2019$fGBP28.00$g0$hP$5Uk
=ACF  \\$aPrevious Copyright Fee: GBP20.00$c29\0$e01-jan-2022$fGBP20.00$g0$hP$5Uk
=ACF  \\$aPrevious Copyright Fee: GBP32.00$c35\0$e01-jan-2020$fGBP32.00$g0$hP$5Uk
=ACF  \\$aPrevious Copyright Fee: GBP29.00$c29\0$e09-mar-2022$fGBP29.00$g0$hP$5Uk
=CAT  \\$a8464$b40$c20090210$lBLL01$h1131
=CAT  \\$aR1911-0245$c20191127$lBLL01$h0823
=CAT  \\$aR1911-0245$c20191127$lBLL01$h1045
=CAT  \\$a5410$b40$c20191211$lBLL01$h1057
=CAT  \\$aIPL-CLA$c20191231$lBLL01$h2009
=CAT  \\$a12654$b40$c20210825$lBLL01$h1155
=CAT  \\$a5410$b40$c20211020$lBLL01$h1440
=CAT  \\$a5410$b40$c20211021$lBLL01$h1341
=CAT  \\$a12654$b40$c20211026$lBLL01$h0917
=CAT  \\$a12654$b40$c20211026$lBLL01$h0918
=CAT  \\$a5410$b40$c20211027$lBLL01$h0930
=CAT  \\$a5552$b40$c20211210$lBLL01$h0805
=CAT  \\$aIPL-CLA$c20211231$lBLL01$h1544
=CAT  \\$aBATCH-UPD$b00$c20220308$lBLL01$h1735
=CAT  \\$a8055$b40$c20220309$lBLL01$h1356
=CAT  \\$a10973$b40$c20220318$lBLL01$h1257
=CAT  \\$a14412$b40$c20220324$lBLL01$h1521
=CAT  \\$a14412$b40$c20220324$lBLL01$h1522
=CAT  \\$aIPL-CLA$c20220331$lBLL01$h1952
=CAT  \\$a12654$b40$c20230307$lBLL01$h1057
=CAT  \\$a12654$b40$c20230307$lBLL01$h1100
=CAT  \\$aS2302-1302$c20230322$lBLL01$h1708
=CAT  \\$aS2302-1302$c20230323$lBLL01$h1444
=CAT  \\$aIPL-CLA$c20230331$lBLL01$h1547
=CAT  \\$aS2304-0519$c20230412$lBLL01$h1140
=CAT  \\$aBATCH-SUPP$c20230426$lBLL01$h1109
=CFI  0\$aCurrent Copyright Fee: GBP42.00$c29\0$e01-apr-2023$fGBP42.00$g0$hP$5Uk
=CFI  2\$aPrevious copyright fee: GBP32.00$c29\0$e01-apr-2022$fGBP32.00$g0$hP$5Uk
=EST  \\$a1
=FFP  \\$aY$bBLDSS-3PM
=FIN  \\$aY$d20130523
=FMT  \\$a  SE
=LAS  \\$aBATCH-SUPP$b00$c20230426$lBLL01$h1109
=LKR  \\$aPAR$b010501269$lBLL01$r776$mStem cells (Dayton, Ohio : Online)$nStem cells (Dayton, Ohio)
=MNI  \\$a1066-5099
=SID  \\$aZ39$bOCLC
=TCO  \\$aZZZ$c008
=TOC  \\$aETOC
=UNO  \\$aY

