=LDR  04994cas a2201105 a 4500
=001  014917548
=003  Uk
=005  20230426110955.0
=006  m\\\\\\\\d\\\\\\\\
=007  cr\|||||||||||
=008  100209c20109999enktr\pss\\\\\0\\\a0eng\c
=015  \\$aGBB083331$2bnb
=022  0\$a2040-3593$202
=035  \\$a(OCoLC)505720787
=037  \\$ajids$bOxford University Press
=037  3\$aISSN_20403585$bPortico$nOxford University Press
=040  \\$aHNK$beng$cHNK$dWAU$dTXA$dUk
=042  \\$aissnuk$aukblsr
=050  14$aK2400.A15$bJ68
=082  04$a347.09$222
=130  0\$aJournal of international dispute settlement (Online)
=222  \0$aJournal of international dispute settlement$b(Online)
=245  10$aJournal of international dispute settlement$h[electronic resource].
=246  13$aJIDS
=260  \\$aOxford :$bOxford University Press,$c2010-
=310  \\$aThree times a year,$b2012-
=321  \\$a2 issues a year,$b2010-2011
=336  \\$atext$2rdacontent
=337  \\$acomputer$2rdamedia
=338  \\$aonline resource$2rdacarrier
=362  1\$aBegan with: Vol. 1, no. 1 (Feb. 2010).
=500  \\$a"Practitioner's handbook on international commercial arbitration."
=500  \\$aDescription based on: Vol. 1, no. 1 (Feb. 2010); title from PDF cover (Oxford Journals web site, viewed Mar. 17, 2010).
=540  \\$aCurrent Copyright Fee: GBP32.00$c29\0$5Uk
=588  \\$aLatest issue consulted: volume 4, number 3 (November 2013) (Oxford journals, viewed January 29, 2014).
=650  \0$aArbitration and award, International$vPeriodicals.
=710  2\$aGraduate Institute of International and Development Studies (Geneva, Switzerland)
=776  08$iPrint version:$tJournal of international dispute settlement$x2040-3585
=852  41$aBritish Library$bHMNTS$jELD Digital store$3Volume 5:Number 1(2014:Mar.)-***Previous issues available in print copy
=852  41$aBritish Library$bDSC$j5007.635700$3Volume 1:Issue 1(2010)-Volume 2:Issue 2(2011)***See ESTAR for full holdings.
=856  \\$31850-9999$uhttp://ukcatalogue.oup.com/$xBLDSS
=856  40$uhttp://jids.oxfordjournals.org/
=859  \\$aELD$bejournal
=859  \\$aXLD$bejournal$cSFX
=945  \\$aJournal of international dispute settlement
=959  \\$fCurrently available
=979  \\$aBritish Library$bDSC$j5007.635700
=ACF  \\$aPrevious copyright fee: GBP18.00$c29\0$e01-jan-2010$fGBP18.00$g0$hP$5Uk
=ACF  \\$aPrevious copyright fee: GBP20.00$c29\0$e01-jan-2013$fGBP20.00$g0$hP$5Uk
=ACF  \\$aPrevious copyright fee: GBP23.00$c29\0$e01-jan-2015$fGBP23.00$g0$hP$5Uk
=ACF  \\$aPrevious copyright fee: GBP24.00$c29\0$e01-jan-2016$fGBP24.00$g0$hP$5Uk
=ACF  \\$aPrevious copyright fee: GBP26.00$c29\0$e01-jan-2017$fGBP26.00$g0$hP$5Uk
=ACF  \\$aPrevious copyright fee: GBP27.00$c29\0$e01-jan-2018$fGBP27.00$g0$hP$5Uk
=ACF  \\$aPrevious copyright fee: GBP28.00$c29\0$e01-jan-2019$fGBP28.00$g0$hP$5Uk
=ACF  \\$aPrevious Copyright Fee: GBP20.00$c29\0$e01-jan-2020$fGBP20.00$g0$hP$5Uk
=CAT  \\$a11315$b40$c20090226$lBLL01$h1138
=CAT  \\$aBATCH-UPD$b40$c20141124$lBLL01$h1811
=CAT  \\$aBLDSS-3PM$b00$c20141208$lBLL01$h1627
=CAT  \\$aIPL-CLA$c20141231$lBLL01$h1659
=CAT  \\$aBATCH-UPD$b00$c20151119$lBLL01$h1552
=CAT  \\$aIPL-CLA$c20151231$lBLL01$h1930
=CAT  \\$aBATCH-UPD$b00$c20160524$lBLL01$h2213
=CAT  \\$aBATCH-UPD$b00$c20160525$lBLL01$h0040
=CAT  \\$aBATCH-UPD$b00$c20161122$lBLL01$h1521
=CAT  \\$aIPL-CLA$c20161230$lBLL01$h2317
=CAT  \\$aBATCH-UPD$b00$c20171121$lBLL01$h1704
=CAT  \\$aW1711-1005$c20171206$lBLL01$h1821
=CAT  \\$aIPL-CLA$c20171231$lBLL01$h1741
=CAT  \\$aBATCH-UPD$b00$c20181217$lBLL01$h1652
=CAT  \\$aIPL-CLA$c20181231$lBLL01$h1548
=CAT  \\$aW1910-0530$c20191007$lBLL01$h1114
=CAT  \\$aR1911-1518$c20191206$lBLL01$h1418
=CAT  \\$aIPL-CLA$c20191231$lBLL01$h2009
=CAT  \\$aBATCH-UPD$b00$c20220308$lBLL01$h1735
=CAT  \\$aIPL-CLA$c20220331$lBLL01$h1952
=CAT  \\$a12654$b40$c20230222$lBLL01$h1335
=CAT  \\$aS2302-1302$c20230322$lBLL01$h1708
=CAT  \\$aS2302-1302$c20230323$lBLL01$h1443
=CAT  \\$aIPL-CLA$c20230331$lBLL01$h1547
=CAT  \\$aS2304-0519$c20230412$lBLL01$h1140
=CAT  \\$aBATCH-SUPP$c20230426$lBLL01$h1109
=CFI  0\$aCurrent Copyright Fee: GBP32.00$c29\0$e01-apr-2023$fGBP32.00$g0$hP$5Uk
=CFI  2\$aPrevious copyright fee: GBP22.00$c29\0$e01-apr-2022$fGBP22.00$g0$hP$5Uk
=EST  \\$a1
=FFP  \\$aY$bBLDSS-3PM
=FIN  \\$aY$d20100713
=FMT  \\$a  SE
=LAS  \\$aBATCH-SUPP$b00$c20230426$lBLL01$h1109
=LET  \0$aJournal of international dispute settlement (Online)
=LKR  \\$aPAR$b014917546$lBLL01$r776$mJournal of international dispute settlement (Online)$nJournal of international dispute settlement (Print)
=MNI  \\$a2040-3585
=SID  \\$aZ39$bOCLC
=TCO  \\$aCLA$bCLA$c008
=TOC  \\$aETOC
=UNO  \\$aY

