=LDR  04730cas a2201093 a 4500
=001  014940146
=003  Uk
=005  20230426110956.0
=006  m\\\\\\\\d\|\\\\\\
=007  cr||||||||||||
=008  090326c20099999ncuqr\p\s\\\\\0\\\a0eng\\
=015  \\$aGBB080421$2bnb
=022  0\$a2040-4867$202
=037  \\$ajcs$bOxford University Press
=037  3\$aISSN_0021969X$bPortico$nOxford University Press
=040  \\$aUk$beng$cUk
=042  \\$aissnuk$aukblsr
=082  04$a322.105$222
=130  0\$aJournal of church and state (Online)
=222  \0$aJournal of church and state$b(Online)
=245  10$aJournal of church and state$h[electronic resource].
=260  \\$aWaco, Texas :$bJ.M. Dawson Studies in Church and State, Baylor University
=260  3\$aCary, NC :$bOxford University Press
=310  \\$aQuarterly
=321  \\$aSemiannual
=336  \\$atext$2rdacontent
=337  \\$acomputer$2rdamedia
=338  \\$aonline resource$2rdacarrier
=362  0\$aVol. 1 (Nov. 1959)-
=500  \\$aTitle from pdf file (Oxford journals web site, viewed July 6, 2010).
=540  \\$aCurrent Copyright Fee: GBP32.00$c29\0$5Uk
=550  \\$aVols. for <1986- > issued by: J.M. Dawson Institute of Church-State Studies of Baylor University.
=588  \\$aLatest issue consulted: volume 55, number 4 (autumn 2013) (viewed January 30, 2014).
=650  \0$aChurch and state$vPeriodicals.
=710  2\$aBaylor University.$bJ.M. Dawson Studies in Church and State.
=710  2\$aBaylor University.$bInstitute of Church-State Studies.
=776  0\$tJournal of church and state$x0021-969X
=852  41$aBritish Library$bDSC$j4958.365000$3Volume 51:Issue 1(2009)-Volume 56:Issue 3(2014)***See ESTAR for full holdings.
=852  41$aBritish Library$bHMNTS$jELD Digital store$3Volume 56:Issue 1(2014)-
=856  \\$31850-9999$uhttp://ukcatalogue.oup.com/$xBLDSS
=856  40$uhttp://jcs.oxfordjournals.org/
=859  \\$aXLD$bejournal$cSFX
=859  \\$aELD$bejournal
=945  \\$aJournal of church and state
=959  \\$fCurrently available
=979  \\$aBritish Library$bDSC$j4958.365000
=ACF  \\$aPrevious copyright fee: GBP14.00$c29\0$e29-mar-2010$fGBP14.00$g0$hP$5Uk
=ACF  \\$aPrevious copyright fee: GBP20.00$c29\0$e01-jan-2013$fGBP20.00$g0$hP$5Uk
=ACF  \\$aPrevious copyright fee: GBP23.00$c29\0$e01-jan-2015$fGBP23.00$g0$hP$5Uk
=ACF  \\$aPrevious copyright fee: GBP24.00$c29\0$e01-jan-2016$fGBP24.00$g0$hP$5Uk
=ACF  \\$aPrevious copyright fee: GBP26.00$c29\0$e01-jan-2017$fGBP26.00$g0$hP$5Uk
=ACF  \\$aPrevious copyright fee: GBP27.00$c29\0$e01-jan-2018$fGBP27.00$g0$hP$5Uk
=ACF  \\$aPrevious copyright fee: GBP28.00$c29\0$e01-jan-2019$fGBP28.00$g0$hP$5Uk
=ACF  \\$aPrevious Copyright Fee: GBP20.00$c29\0$e01-jan-2020$fGBP20.00$g0$hP$5Uk
=CAT  \\$a11316$b40$c20090326$lBLL01$h0921
=CAT  \\$aCDS15-UPD$b40$c20141130$lBLL01$h1853
=CAT  \\$aBLDSS-3PM$b00$c20141208$lBLL01$h1627
=CAT  \\$aIPL-CLA$c20141231$lBLL01$h1659
=CAT  \\$aBATCH-UPD$b00$c20151119$lBLL01$h1552
=CAT  \\$aIPL-CLA$c20151231$lBLL01$h1930
=CAT  \\$aBATCH-UPD$b00$c20160524$lBLL01$h2213
=CAT  \\$aBATCH-UPD$b00$c20160525$lBLL01$h0040
=CAT  \\$aBATCH-UPD$b00$c20161122$lBLL01$h1521
=CAT  \\$aIPL-CLA$c20161230$lBLL01$h2318
=CAT  \\$aBATCH-UPD$b00$c20171121$lBLL01$h1704
=CAT  \\$aW1711-1005$c20171206$lBLL01$h1821
=CAT  \\$aIPL-CLA$c20171231$lBLL01$h1741
=CAT  \\$aBATCH-UPD$b00$c20181217$lBLL01$h1652
=CAT  \\$aIPL-CLA$c20181231$lBLL01$h1549
=CAT  \\$aW1910-0530$c20191007$lBLL01$h1114
=CAT  \\$aR1911-1518$c20191206$lBLL01$h1418
=CAT  \\$aIPL-CLA$c20191231$lBLL01$h2010
=CAT  \\$aBATCH-UPD$b00$c20220308$lBLL01$h1735
=CAT  \\$aIPL-CLA$c20220331$lBLL01$h1952
=CAT  \\$a12654$b40$c20230222$lBLL01$h0907
=CAT  \\$aS2302-1302$c20230322$lBLL01$h1708
=CAT  \\$aS2302-1302$c20230323$lBLL01$h1443
=CAT  \\$aIPL-CLA$c20230331$lBLL01$h1547
=CAT  \\$aS2304-0519$c20230412$lBLL01$h1140
=CAT  \\$aBATCH-SUPP$c20230426$lBLL01$h1109
=CFI  0\$aCurrent Copyright Fee: GBP32.00$c29\0$e01-apr-2023$fGBP32.00$g0$hP$5Uk
=CFI  2\$aPrevious copyright fee: GBP22.00$c29\0$e01-apr-2022$fGBP22.00$g0$hP$5Uk
=EST  \\$a1
=FFP  \\$aY$bBLDSS-3PM
=FIN  \\$aY$d20100706
=FMT  \\$a  SE
=LAS  \\$aBATCH-SUPP$b00$c20230426$lBLL01$h1109
=LET  \0$aJournal of church and state (Online)
=LKR  \\$aPAR$b010488582$lBLL01$r776$mJournal of church and state (Online)$nJournal of church and state (Print)
=MNI  \\$a0021-969X
=TCO  \\$aCLA$bCLA$c008
=TCO  \\$aTRS$bCCC$c008
=TOC  \\$aETOC
=UNO  \\$aY

